"Count","Tradelist Count","Name","Edition","Condition","Language","Foil","Tags","Last Modified","Collector Number","Alter","Proxy","Purchase Price"
"2","2","""Brims"" Barone, Midway Mobster","unf","Near Mint","English","","","2025-10-29 13:08:06.133000","163","False","False",""
"1","1","""Brims"" Barone, Midway Mobster","unf","Near Mint","English","","","2025-10-29 13:08:06.133000","256","False","False",""
"1","1","""Lifetime"" Pass Holder","unf","Near Mint","English","","","2025-10-29 13:08:06.133000","79","False","False",""
"2","2","_____ _____ _____ Trespasser","unf","Near Mint","English","","","2025-10-29 13:08:06.133000","61","False","False",""
"2","2","_____ _____ Rocketship","unf","Near Mint","English","","","2025-10-29 13:08:06.133000","191","False","False",""
"2","2","_____ Balls of Fire","unf","Near Mint","English","","","2025-10-29 13:08:06.133000","100","False","False",""
"2","2","_____ Bird Gets the Worm","unf","Near Mint","English","","","2025-10-29 13:08:06.133000","5","False","False",""
"4","4","+2 Mace","afr","Near Mint","English","","","2025-10-29 13:08:06.133000","1","False","False",""
"5","5","A Good Day to Pie","unf","Near Mint","English","","","2025-10-29 13:08:06.133000","12","False","False",""
"1","1","A Killer Among Us","mkm","Near Mint","English","","","2025-10-29 13:08:06.133000","167","False","False",""
"1","1","A Little Chat","snc","Near Mint","English","","","2025-10-29 13:08:06.133000","47","False","False",""
"2","2","A Real Handful","unf","Near Mint","English","","","2025-10-29 13:08:06.133000","87","False","False",""
"1","1","A Realm Reborn","fin","Near Mint","English","foil","","2025-10-29 13:08:06.133000","344","False","False",""
"1","1","A Realm Reborn","fin","Near Mint","English","foil","","2025-10-31 15:06:11.523000","196","False","False",""
"2","2","A Realm Reborn","fin","Near Mint","English","","","2025-10-29 13:08:06.133000","196","False","False",""
"1","1","A Realm Reborn","fin","Near Mint","English","","","2025-10-30 18:14:34.043000","344","False","False",""
"1","1","Aang, A Lot to Learn","tle","Near Mint","English","","","2026-01-08 21:57:33.170000","146","False","False",""
"1","1","Aang, Airbending Master","tle","Near Mint","English","","","2025-12-19 17:16:14.850000","74","False","False",""
"1","1","Aang, at the Crossroads // Aang, Destined Savior","tla","Near Mint","English","","","2025-11-19 10:25:01.957000","203","False","False",""
"1","1","Aang, the Last Airbender","tla","Near Mint","English","foil","","2025-11-19 10:01:23.337000","4","False","False",""
"2","2","Aang, the Last Airbender","tla","Near Mint","English","","","2025-11-21 17:20:48.427000","4","False","False",""
"2","2","Aang's Iceberg","tla","Near Mint","English","","","2025-11-21 16:53:23.650000","5","False","False",""
"5","5","Aang's Journey","tla","Near Mint","English","","","2025-11-25 22:12:41.883000","1","False","False",""
"2","2","Aarakocra Sneak","clb","Near Mint","English","","","2025-10-29 13:08:06.133000","54","False","False",""
"2","2","Aardwolf's Advantage","unf","Near Mint","English","","","2025-10-29 13:08:06.133000","97","False","False",""
"3","3","Aatchik, Emerald Radian","dft","Near Mint","English","","","2025-10-29 13:08:06.133000","187","False","False",""
"2","2","Aatchik, Emerald Radian","dft","Near Mint","English","","","2025-10-29 13:08:06.133000","360","False","False",""
"1","1","Abaddon the Despoiler","40k","Near Mint","English","foil","","2025-10-29 13:08:06.133000","171","False","False",""
"1","1","Abandon Attachments","tla","Near Mint","English","foil","","2025-11-21 17:49:08.480000","205","False","False",""
"4","4","Abandon Attachments","tla","Near Mint","English","","","2025-11-21 17:49:13.673000","205","False","False",""
"1","1","Abandon Reason","j25","Near Mint","English","","","2025-10-29 13:08:06.133000","513","False","False",""
"2","2","Abandon the Post","mid","Near Mint","English","","","2025-10-29 13:08:06.133000","127","False","False",""
"2","2","Abandoned Air Temple","tla","Near Mint","English","","","2025-11-21 16:40:25.520000","263","False","False",""
"7","7","Abandoned Campground","dsk","Near Mint","English","","","2025-10-29 13:08:06.133000","255","False","False",""
"1","1","Abby, Merciless Soldier","sld","Near Mint","English","","","2026-01-03 17:48:17.837000","2202","False","False",""
"1","1","Abdel Adrian, Gorion's Ward","clb","Near Mint","English","","","2025-10-29 13:08:06.133000","2","False","False",""
"1","1","Aberrant","40k","Near Mint","English","","","2025-11-06 20:53:28.937000","86","False","False",""
"2","2","Aberrant Mind Sorcerer","afr","Near Mint","English","","","2025-10-29 13:08:06.133000","44","False","False",""
"2","2","Aberrant Researcher // Perfected Form","inr","Near Mint","English","","","2025-10-29 13:08:06.133000","52","False","False",""
"1","1","Aberrant Return","ecc","Near Mint","English","","","2026-02-02 20:20:52.733000","7","False","False",""
"2","2","Abhorrent Oculus","dsk","Near Mint","English","","","2025-10-29 13:08:06.133000","42","False","False",""
"1","1","Abigale, Eloquent First-Year","ecl","Near Mint","English","","","2026-01-31 18:26:11.390000","204","False","False",""
"1","1","Aboshan, Cephalid Emperor","plst","Near Mint","English","","","2025-10-29 13:08:06.133000","ODY-58","False","False",""
"1","1","Abrade","blc","Near Mint","English","","","2025-10-29 13:08:06.133000","191","False","False",""
"5","5","Abrade","inr","Near Mint","English","","","2025-10-29 13:08:06.133000","139","False","False",""
"1","1","Abrade","inr","Near Mint","English","","","2025-10-29 13:08:06.133000","311","False","False",""
"2","2","Abrade","vow","Near Mint","English","foil","","2025-10-29 13:08:06.133000","139","False","False",""
"1","1","Abrade","brc","Near Mint","English","","","2025-10-29 13:08:06.133000","111","False","False",""
"2","2","Abrade","vow","Near Mint","English","","","2025-10-29 13:08:06.133000","139","False","False",""
"1","1","Abrade","sld","Near Mint","English","","","2025-12-13 13:28:42.657000","2179","False","False",""
"6","6","Abrade","tdc","Near Mint","English","","","2025-10-29 13:08:06.133000","203","False","False",""
"1","1","Abrade","scd","Near Mint","English","","","2025-10-29 13:08:06.133000","122","False","False",""
"1","1","Abrade","lci","Near Mint","English","","","2025-10-29 13:08:06.133000","131","False","False",""
"4","4","Abraded Bluffs","otj","Near Mint","English","","","2025-10-29 13:08:06.133000","251","False","False",""
"1","1","Abraded Bluffs","otj","Near Mint","English","foil","","2025-10-29 13:08:06.133000","251","False","False",""
"1","1","Absolute Virtue","fin","Near Mint","English","foil","","2025-10-29 13:08:06.133000","212","False","False",""
"1","1","Absolute Virtue","fin","Near Mint","English","","","2025-10-29 13:08:06.133000","212","False","False",""
"2","2","Absolving Lammasu","mkm","Near Mint","English","","","2025-10-29 13:08:06.133000","2","False","False",""
"1","1","Absorb","rna","Near Mint","English","","","2025-10-29 13:08:06.133000","151","False","False",""
"1","1","Absorb","scd","Near Mint","English","","","2025-10-29 13:08:06.133000","216","False","False",""
"1","1","Abstergo Entertainment","acr","Near Mint","English","","","2025-10-29 13:08:06.133000","79","False","False",""
"1","1","Abstruse Appropriation","mh3","Near Mint","English","","","2025-10-29 13:08:06.133000","342","False","False",""
"1","1","Abuelo, Ancestral Echo","lci","Near Mint","English","","","2025-10-29 13:08:06.133000","219","False","False",""
"1","1","Abuelo's Awakening","lci","Near Mint","English","","","2025-10-29 13:08:06.133000","1","False","False",""
"1","1","Abundance","40k","Near Mint","English","","","2025-11-06 20:49:04.940000","210","False","False",""
"1","1","Abundant Countryside","ecc","Near Mint","English","","","2026-02-02 20:21:09.317000","22","False","False",""
"5","5","Abundant Growth","inr","Near Mint","English","","","2025-10-29 13:08:06.133000","184","False","False",""
"1","1","Abundant Growth","pip","Near Mint","English","","","2025-10-29 13:08:06.133000","194","False","False",""
"2","2","Abundant Growth","inr","Near Mint","English","","","2025-10-29 13:08:06.133000","406","False","False",""
"1","1","Abundant Growth","dmc","Near Mint","English","","","2025-10-29 13:08:06.133000","128","False","False",""
"1","1","Abundant Growth","ecc","Near Mint","English","","","2026-02-02 20:21:09.317000","97","False","False",""
"1","1","Abundant Growth","avr","Near Mint","English","","","2025-10-29 13:08:06.133000","167","False","False",""
"1","1","Abundant Harvest","sta","Near Mint","English","","","2025-10-29 13:08:06.133000","48","False","False",""
"2","2","Abundant Maw","inr","Near Mint","English","foil","","2025-10-29 13:08:06.133000","1","False","False",""
"3","3","Abundant Maw","inr","Near Mint","English","","","2025-10-29 13:08:06.133000","1","False","False",""
"1","1","Abundant Maw","inr","Near Mint","English","","","2025-10-29 13:08:06.133000","329","False","False",""
"2","2","Abyssal Gorestalker","lci","Near Mint","English","","","2025-10-29 13:08:06.133000","87","False","False",""
"3","3","Abyssal Harvester","fdn","Near Mint","English","","","2025-10-29 13:08:06.133000","54","False","False",""
"1","1","Abzan Charm","dmc","Near Mint","English","","","2025-10-29 13:08:06.133000","138","False","False",""
"8","8","Abzan Devotee","tdm","Near Mint","English","","","2025-10-29 13:08:06.133000","68","False","False",""
"1","1","Abzan Falconer","mic","Near Mint","English","","","2025-10-29 13:08:06.133000","77","False","False",""
"2","2","Abzan Monument","tdm","Near Mint","English","","","2025-10-29 13:08:06.133000","238","False","False",""
"2","2","Academic Dispute","stx","Near Mint","English","","","2025-10-29 13:08:06.133000","91","False","False",""
"1","1","Academy Journeymage","plst","Near Mint","English","","","2025-10-29 13:08:06.133000","DOM-41","False","False",""
"1","1","Academy Loremaster","dmu","Near Mint","English","","","2025-10-29 13:08:06.133000","40","False","False",""
"1","1","Academy Manufactor","otc","Near Mint","English","","","2025-10-29 13:08:06.133000","251","False","False",""
"1","1","Academy Manufactor","mkc","Near Mint","English","","","2025-10-29 13:08:06.133000","221","False","False",""
"1","1","Academy Manufactor","sld","Near Mint","English","","","2025-11-24 15:06:51.003000","2195","False","False",""
"1","1","Academy Ruins","drc","Near Mint","English","","","2025-10-29 13:08:06.133000","58","False","False",""
"4","4","Academy Wall","dmu","Near Mint","English","","","2025-10-29 13:08:06.133000","41","False","False",""
"1","1","Access Tunnel","mkc","Near Mint","English","","","2025-10-29 13:08:06.133000","247","False","False",""
"2","2","Access Tunnel","tdc","Near Mint","English","","","2025-10-29 13:08:06.133000","337","False","False",""
"1","1","Access Tunnel","stx","Near Mint","English","","","2025-10-29 13:08:06.133000","262","False","False",""
"1","1","Accomplished Alchemist","stx","Near Mint","English","foil","","2025-10-29 13:08:06.133000","119","False","False",""
"1","1","Accomplished Automaton","kld","Near Mint","English","","","2025-10-29 13:08:06.133000","191","False","False",""
"2","2","Accumulate Wisdom","tla","Near Mint","English","","","2025-11-21 17:06:15.593000","44","False","False",""
"1","1","Accursed Duneyard","drc","Near Mint","English","","","2025-10-29 13:08:06.133000","20","False","False",""
"1","1","Accursed Duneyard","drc","Near Mint","English","","","2025-10-29 13:08:06.133000","36","False","False",""
"8","8","Accursed Marauder","mh3","Near Mint","English","","","2025-10-29 13:08:06.133000","80","False","False",""
"1","1","Ace, Fearless Rebel","who","Near Mint","English","","","2025-10-29 13:08:06.133000","98","False","False",""
"1","1","Acererak the Archlich","afr","Near Mint","English","","","2025-10-29 13:08:06.133000","87","False","False",""
"1","1","Ace's Baseball Bat","who","Near Mint","English","","","2025-10-29 13:08:06.133000","170","False","False",""
"1","1","Achilles Davenport","acr","Near Mint","English","","","2025-10-29 13:08:06.133000","294","False","False",""
"2","2","Acidic Slime","cmm","Near Mint","English","","","2025-10-29 13:08:06.133000","270","False","False",""
"1","1","Acidic Slime","m3c","Near Mint","English","","","2025-10-29 13:08:06.133000","218","False","False",""
"1","1","Acolyte Hybrid","40k","Near Mint","English","","","2025-11-06 20:53:17.537000","70","False","False",""
"4","4","Acolyte of Aclazotz","lci","Near Mint","English","","","2025-10-29 13:08:06.133000","89","False","False",""
"1","1","Acolyte of Aclazotz","lci","Near Mint","English","foil","","2025-10-29 13:08:06.133000","89","False","False",""
"2","2","Acolyte of Bahamut","clb","Near Mint","English","","","2025-10-29 13:08:06.133000","212","False","False",""
"1","1","Acquired Mutation","pip","Near Mint","English","","","2025-10-29 13:08:06.133000","53","False","False",""
"1","1","Acquisition Octopus","neo","Near Mint","English","","","2025-10-29 13:08:06.133000","44","False","False",""
"1","1","Acquisition Octopus","neo","Near Mint","English","foil","","2025-10-29 13:08:06.133000","44","False","False",""
"7","7","Acrobatic Cheerleader","dsk","Near Mint","English","","","2025-10-29 13:08:06.133000","1","False","False",""
"1","1","Acrobatic Cheerleader","dsk","Near Mint","English","foil","","2025-10-29 13:08:06.133000","1","False","False",""
"1","1","Acrobatic Leap","tle","Near Mint","English","","","2025-12-19 17:13:10.923000","151","False","False",""
"5","5","Acrobatic Leap","lci","Near Mint","English","","","2025-10-29 13:08:06.133000","2","False","False",""
"1","1","Act of Treason","rvr","Near Mint","English","","","2025-10-29 13:08:06.133000","99","False","False",""
"1","1","Adagia, Windswept Bastion","eoe","Near Mint","English","foil","","2025-10-29 13:08:06.133000","372","False","False",""
"2","2","Adagia, Windswept Bastion","eoe","Near Mint","English","","","2025-10-29 13:08:06.133000","250","False","False",""
"1","1","Adamant Will","fdn","Near Mint","English","","","2025-10-29 13:08:06.133000","488","False","False",""
"2","2","Adamant Will","vow","Near Mint","English","","","2025-10-29 13:08:06.133000","1","False","False",""
"1","1","Adaptive Gemguard","lci","Near Mint","English","foil","","2025-10-29 13:08:06.133000","3","False","False",""
"6","6","Adaptive Gemguard","lci","Near Mint","English","","","2025-10-29 13:08:06.133000","3","False","False",""
"1","1","Adaptive Omnitool","drc","Near Mint","English","","","2025-10-29 13:08:06.133000","16","False","False",""
"1","1","Adaptive Sporesinger","one","Near Mint","English","foil","","2025-10-29 13:08:06.133000","157","False","False",""
"1","1","Adaptive Sporesinger","one","Near Mint","English","","","2025-10-29 13:08:06.133000","157","False","False",""
"1","1","Adaptive Training Post","tdc","Near Mint","English","","","2025-10-29 13:08:06.133000","18","False","False",""
"1","1","Adarkar Wastes","tdc","Near Mint","English","","","2025-10-29 13:08:06.133000","338","False","False",""
"2","2","Adarkar Wastes","blc","Near Mint","English","","","2025-10-29 13:08:06.133000","291","False","False",""
"1","1","Adarkar Wastes","drc","Near Mint","English","","","2025-10-29 13:08:06.133000","144","False","False",""
"1","1","Adarkar Wastes","dsc","Near Mint","English","","","2025-10-29 13:08:06.133000","258","False","False",""
"1","1","Adarkar Wastes","eoc","Near Mint","English","","","2025-10-29 13:08:06.133000","147","False","False",""
"1","1","Adarkar Wastes","pdmu","Near Mint","English","","","2025-10-29 13:08:06.133000","243p","False","False",""
"7","7","Adelbert Steiner","fin","Near Mint","English","","","2025-10-29 13:08:06.133000","3","False","False",""
"2","2","Adelbert Steiner","fin","Near Mint","English","foil","","2025-10-29 13:08:06.133000","3","False","False",""
"1","1","Adeline, Resplendent Cathar","fca","Near Mint","English","","","2025-10-29 13:08:06.133000","1","False","False",""
"1","1","Adeline, Resplendent Cathar","fca","Near Mint","English","foil","","2025-10-29 13:08:06.133000","1","False","False",""
"1","1","Adeline, Resplendent Cathar","tdc","Near Mint","English","","","2025-10-29 13:08:06.133000","108","False","False",""
"3","3","Adéwalé, Breaker of Chains","acr","Near Mint","English","","","2025-10-29 13:08:06.133000","44","False","False",""
"2","2","Adéwalé, Breaker of Chains","acr","Near Mint","English","foil","","2025-10-29 13:08:06.133000","44","False","False",""
"2","2","Adéwalé, Breaker of Chains","acr","Near Mint","English","","","2025-10-29 13:08:06.133000","136","False","False",""
"1","1","Admiral Beckett Brass","lcc","Near Mint","English","","","2025-10-29 13:08:06.133000","264","False","False",""
"1","1","Admiral Brass, Unsinkable","lcc","Near Mint","English","foil","","2025-10-29 13:08:06.133000","1","False","False",""
"7","7","Adorned Crocodile","tdm","Near Mint","English","","","2025-10-29 13:08:06.133000","69","False","False",""
"1","1","Adorned Crocodile","tdm","Near Mint","English","foil","","2025-10-29 13:08:06.133000","69","False","False",""
"4","4","Adrenaline Jockey","dft","Near Mint","English","","","2025-10-29 13:08:06.133000","112","False","False",""
"2","2","Adrestia","acr","Near Mint","English","foil","","2025-10-29 13:08:06.133000","68","False","False",""
"1","1","Adriana, Captain of the Guard","onc","Near Mint","English","","","2025-10-29 13:08:06.133000","114","False","False",""
"1","1","Adric, Mathematical Genius","who","Near Mint","English","","","2025-10-29 13:08:06.133000","33","False","False",""
"1","1","Adrix and Nev, Twincasters","mkc","Near Mint","English","","","2025-10-29 13:08:06.133000","198","False","False",""
"1","1","Adult Gold Dragon","afr","Near Mint","English","","","2025-10-29 13:08:06.133000","216","False","False",""
"1","1","Adventure Awaits","j25","Near Mint","English","","","2025-10-29 13:08:06.133000","620","False","False",""
"1","1","Adventurer's Airship","fin","Near Mint","English","foil","","2025-10-29 13:08:06.133000","252","False","False",""
"14","14","Adventurer's Airship","fin","Near Mint","English","","","2025-10-29 13:08:06.133000","252","False","False",""
"4","4","Adventurer's Inn","fin","Near Mint","English","foil","","2025-10-29 13:08:06.133000","271","False","False",""
"16","16","Adventurer's Inn","fin","Near Mint","English","","","2025-10-29 13:08:06.133000","271","False","False",""
"2","2","Adventuring Gear","fdn","Near Mint","English","","","2025-10-29 13:08:06.133000","249","False","False",""
"3","3","Adventurous Impulse","j25","Near Mint","English","","","2025-10-29 13:08:06.133000","621","False","False",""
"1","1","Adventurous Impulse","sta","Near Mint","English","","","2025-10-29 13:08:06.133000","49","False","False",""
"2","2","Advocate of the Beast","j25","Near Mint","English","","","2025-10-29 13:08:06.133000","622","False","False",""
"5","5","Aegar, the Freezing Flame","mul","Near Mint","English","","","2025-12-15 15:56:07.187000","31","False","False",""
"1","1","Aegis Angel","m12","Near Mint","English","foil","","2025-10-29 13:08:06.133000","1","False","False",""
"4","4","Aegis Sculptor","tdm","Near Mint","English","","","2025-10-29 13:08:06.133000","35","False","False",""
"9","9","Aegis Turtle","fdn","Near Mint","English","","","2025-10-29 13:08:06.133000","150","False","False",""
"8","8","Aerial Boost","mom","Near Mint","English","","","2025-12-16 00:10:52.887000","2","False","False",""
"1","1","Aerial Extortionist","mkc","Near Mint","English","","","2025-10-29 13:08:06.133000","54","False","False",""
"1","1","Aerial Extortionist","ncc","Near Mint","English","","","2025-10-29 13:08:06.133000","11","False","False",""
"3","3","Aerial Guide","j25","Near Mint","English","","","2025-10-29 13:08:06.133000","282","False","False",""
"1","1","Aerial Responder","kld","Near Mint","English","","","2025-10-29 13:08:06.133000","2","False","False",""
"5","5","Aerialephant","unf","Near Mint","English","","","2025-10-29 13:08:06.133000","2","False","False",""
"5","5","Aerie Auxiliary","mh3","Near Mint","English","","","2025-10-29 13:08:06.133000","18","False","False",""
"1","1","Aerith Gainsborough","fin","Near Mint","English","foil","","2025-10-29 13:08:06.133000","4","False","False",""
"1","1","Aerith Gainsborough","fin","Near Mint","English","foil","","2025-10-29 13:08:06.133000","519","False","False",""
"2","2","Aerith Gainsborough","fin","Near Mint","English","","","2025-10-29 13:08:06.133000","374","False","False",""
"1","1","Aerith Gainsborough","fin","Near Mint","English","","","2025-10-29 13:08:06.133000","423","False","False",""
"2","2","Aerith Gainsborough","fin","Near Mint","English","","","2025-10-29 13:08:06.133000","4","False","False",""
"1","1","Aerith Gainsborough","fin","Near Mint","English","foil","","2025-10-29 13:08:06.133000","423","False","False",""
"1","1","Aerith Gainsborough","fin","Near Mint","English","foil","","2025-10-29 13:11:59.767000","374","False","False",""
"22","22","Aerith Rescue Mission","fin","Near Mint","English","","","2025-10-29 13:08:06.133000","5","False","False",""
"1","1","Aerith Rescue Mission","fin","Near Mint","English","foil","","2025-10-29 13:08:06.133000","5","False","False",""
"1","1","Aerith, Last Ancient","fic","Near Mint","English","","","2025-10-29 13:08:06.133000","163","False","False",""
"1","1","Aerith, Last Ancient","fic","Near Mint","English","","","2025-10-29 13:08:06.133000","76","False","False",""
"1","1","Aeronaut Cavalry","bro","Near Mint","English","","","2025-10-29 13:08:06.133000","1","False","False",""
"1","1","Aeronaut's Wings","bro","Near Mint","English","","","2025-10-29 13:08:06.133000","231","False","False",""
"1","1","Aesi, Tyrant of Gyre Strait","plst","Near Mint","English","","","2025-10-29 13:08:06.133000","CMR-365","False","False",""
"1","1","Aether Channeler","blc","Near Mint","English","","","2025-10-29 13:08:06.133000","160","False","False",""
"1","1","Aether Channeler","dmu","Near Mint","English","","","2025-10-29 13:08:06.133000","42","False","False",""
"1","1","Aether Gale","cmm","Near Mint","English","","","2025-10-29 13:08:06.133000","72","False","False",""
"1","1","Aether Hub","drc","Near Mint","English","","","2025-10-29 13:08:06.133000","145","False","False",""
"1","1","Aether Meltdown","kld","Near Mint","English","","","2025-10-29 13:08:06.133000","36","False","False",""
"1","1","Aether Revolt","mh3","Near Mint","English","foil","","2025-10-29 13:08:06.133000","113","False","False",""
"5","5","Aether Spike","mh3","Near Mint","English","","","2025-10-29 13:08:06.133000","50","False","False",""
"3","3","Aether Syphon","dft","Near Mint","English","","","2025-10-29 13:08:06.133000","38","False","False",""
"1","1","Aether Theorist","kld","Near Mint","English","","","2025-10-29 13:08:06.133000","37","False","False",""
"6","6","Aetherblade Agent // Gitaxian Mindstinger","mom","Near Mint","English","","","2025-12-15 15:47:49.677000","88","False","False",""
"1","1","Aetherborn Marauder","otc","Near Mint","English","","","2025-10-29 13:08:06.133000","125","False","False",""
"1","1","Aetherflux Conduit","drc","Near Mint","English","","","2025-10-29 13:08:06.133000","17","False","False",""
"1","1","Aetherflux Reservoir","brr","Near Mint","English","","","2025-10-29 13:08:06.133000","65","False","False",""
"1","1","Aetheric Amplifier","drc","Near Mint","English","","","2025-10-29 13:08:06.133000","18","False","False",""
"2","2","Aetherize","fdn","Near Mint","English","","","2025-10-29 13:08:06.133000","151","False","False",""
"1","1","Aetherize","40k","Near Mint","English","","","2025-11-06 20:51:17.210000","191","False","False",""
"1","1","Aetherize","scd","Near Mint","English","","","2025-10-29 13:08:06.133000","42","False","False",""
"1","1","Aetherize","lcc","Near Mint","English","","","2025-10-29 13:08:06.133000","142","False","False",""
"1","1","Aetherize","blc","Near Mint","English","","","2025-10-29 13:08:06.133000","161","False","False",""
"8","8","Aetherjacket","dft","Near Mint","English","","","2025-10-29 13:08:06.133000","230","False","False",""
"1","1","Aethersquall Ancient","drc","Near Mint","English","","","2025-10-29 13:08:06.133000","68","False","False",""
"1","1","Aethertide Whale","drc","Near Mint","English","","","2025-10-29 13:08:06.133000","69","False","False",""
"1","1","Aethertorch Renegade","kld","Near Mint","English","","","2025-10-29 13:08:06.133000","106","False","False",""
"1","1","Aetherwind Basker","drc","Near Mint","English","","","2025-10-29 13:08:06.133000","107","False","False",""
"1","1","Aetherworks Marvel","drc","Near Mint","English","","","2025-10-29 13:08:06.133000","123","False","False",""
"1","1","Aettir and Priwen","fin","Near Mint","English","foil","","2025-10-29 13:08:06.133000","253","False","False",""
"2","2","Aettir and Priwen","fin","Near Mint","English","foil","","2025-10-29 13:08:06.133000","350","False","False",""
"3","3","Aettir and Priwen","fin","Near Mint","English","","","2025-10-29 13:08:06.133000","253","False","False",""
"1","1","Affa Protector","ogw","Near Mint","English","","","2025-10-29 13:08:06.133000","14","False","False",""
"4","4","Affectionate Indrik","fdn","Near Mint","English","","","2025-10-29 13:08:06.133000","211","False","False",""
"1","1","Afterlife from the Loam","tdc","Near Mint","English","","","2025-10-29 13:08:06.133000","25","False","False",""
"3","3","Aftermath Analyst","mkm","Near Mint","English","","","2025-10-29 13:08:06.133000","148","False","False",""
"1","1","Aftermath Analyst","eoc","Near Mint","English","","","2025-10-29 13:08:06.133000","91","False","False",""
"1","1","Against All Odds","one","Near Mint","English","","","2025-10-29 13:08:06.133000","1","False","False",""
"1","1","Against All Odds","plst","Near Mint","English","","","2025-10-29 13:08:06.133000","ONE-1","False","False",""
"9","9","Agate Assault","blb","Near Mint","English","","","2025-10-29 13:08:06.133000","122","False","False",""
"1","1","Agate Instigator","blc","Near Mint","English","","","2025-10-29 13:08:06.133000","21","False","False",""
"7","7","Agate-Blade Assassin","blb","Near Mint","English","","","2025-10-29 13:08:06.133000","82","False","False",""
"1","1","Agatha's Champion","woe","Near Mint","English","","","2025-10-29 13:08:06.133000","160","False","False",""
"1","1","Agatha's Soul Cauldron","woe","Near Mint","English","","","2025-10-29 13:08:06.133000","242","False","False",""
"4","4","Ageless Guardian","stx","Near Mint","English","","","2025-10-29 13:08:06.133000","8","False","False",""
"1","1","Agency Coroner","mkm","Near Mint","English","foil","","2025-10-29 13:08:06.133000","75","False","False",""
"5","5","Agency Coroner","mkm","Near Mint","English","","","2025-10-29 13:08:06.133000","75","False","False",""
"3","3","Agency Outfitter","mkm","Near Mint","English","","","2025-10-29 13:08:06.133000","38","False","False",""
"1","1","Agent Frank Horrigan","pip","Near Mint","English","","","2025-10-29 13:08:06.133000","89","False","False",""
"9","9","Agent of Kotis","tdm","Near Mint","English","","","2025-10-29 13:08:06.133000","36","False","False",""
"1","1","Agent of the Iron Throne","clb","Near Mint","English","","","2025-10-29 13:08:06.133000","107","False","False",""
"1","1","Agent Venom","spm","Near Mint","English","","","2025-10-29 13:08:06.133000","49","False","False",""
"1","1","Agent's Toolkit","ncc","Near Mint","English","","","2025-10-29 13:08:06.133000","66","False","False",""
"1","1","Aggressive Biomancy","m3c","Near Mint","English","","","2025-10-29 13:08:06.133000","121","False","False",""
"2","2","Aggressive Instinct","j25","Near Mint","English","","","2025-10-29 13:08:06.133000","623","False","False",""
"1","1","Aggressive Mammoth","fdn","Near Mint","English","","","2025-10-29 13:08:06.133000","551","False","False",""
"1","1","Aggressive Mining","sld","Near Mint","English","","","2025-10-29 13:08:06.133000","2108","False","False",""
"6","6","Aggressive Negotiations","tdm","Near Mint","English","","","2025-10-29 13:08:06.133000","70","False","False",""
"4","4","Aggressive Sabotage","dmu","Near Mint","English","","","2025-10-29 13:08:06.133000","78","False","False",""
"1","1","Agility Bobblehead","pip","Near Mint","English","","","2025-10-29 13:08:06.133000","126","False","False",""
"1","1","Agitator Ant","mkc","Near Mint","English","","","2025-10-29 13:08:06.133000","145","False","False",""
"3","3","Agonizing Remorse","sta","Near Mint","English","","","2025-10-29 13:08:06.133000","24","False","False",""
"3","3","Agonizing Syphon","j25","Near Mint","English","","","2025-10-29 13:08:06.133000","396","False","False",""
"15","15","Ahriman","fin","Near Mint","English","","","2025-10-29 13:08:06.133000","87","False","False",""
"1","1","Ahriman","fin","Near Mint","English","foil","","2025-10-29 13:08:06.133000","87","False","False",""
"2","2","Aim for the Head","vow","Near Mint","English","","","2025-10-29 13:08:06.133000","92","False","False",""
"6","6","Aim High","inr","Near Mint","English","","","2025-10-29 13:08:06.133000","185","False","False",""
"1","1","Ainok Artillerist","dtk","Near Mint","English","","","2025-10-29 13:08:06.133000","171","False","False",""
"3","3","Ainok Bond-Kin","cmm","Near Mint","English","","","2025-10-29 13:08:06.133000","7","False","False",""
"1","1","Ainok Bond-Kin","mic","Near Mint","English","","","2025-10-29 13:08:06.133000","78","False","False",""
"2","2","Ainok Guide","j25","Near Mint","English","","","2025-10-29 13:08:06.133000","625","False","False",""
"1","1","Ainok Strike Leader","tdc","Near Mint","English","","","2025-10-29 13:08:06.133000","11","False","False",""
"1","1","Ainok Strike Leader","tdc","Near Mint","English","","","2025-10-29 13:08:06.133000","51","False","False",""
"1","1","Ainok Wayfarer","tdm","Near Mint","English","foil","","2025-10-29 13:08:06.133000","134","False","False",""
"7","7","Ainok Wayfarer","tdm","Near Mint","English","","","2025-10-29 13:08:06.133000","134","False","False",""
"1","1","Air Elemental","j25","Near Mint","English","","","2025-10-29 13:08:06.133000","284","False","False",""
"1","1","Air Marshal","bro","Near Mint","English","","","2025-10-29 13:08:06.133000","43","False","False",""
"2","2","Air Nomad Legacy","tla","Near Mint","English","","","2025-11-21 17:48:43.470000","206","False","False",""
"1","1","Air Response Unit","dft","Near Mint","English","","","2025-10-29 13:08:06.133000","292","False","False",""
"4","4","Air Response Unit","dft","Near Mint","English","","","2025-10-29 13:08:06.133000","1","False","False",""
"2","2","Air Response Unit","dft","Near Mint","English","foil","","2025-10-29 13:08:06.133000","1","False","False",""
"1","1","Airbender's Reversal","tla","Near Mint","English","","","2025-11-18 23:33:35.877000","7","False","False",""
"8","8","Airbending Lesson","tla","Near Mint","English","","","2025-12-19 17:07:59.550000","8","False","False",""
"4","4","Air-Cult Elemental","afr","Near Mint","English","","","2025-10-29 13:08:06.133000","45","False","False",""
"3","3","Airlift Chaplain","bro","Near Mint","English","","","2025-10-29 13:08:06.133000","2","False","False",""
"4","4","Airship Crash","fin","Near Mint","English","foil","","2025-10-29 13:08:06.133000","171","False","False",""
"13","13","Airship Crash","fin","Near Mint","English","","","2025-10-29 13:08:06.133000","171","False","False",""
"3","3","Airship Engine Room","tla","Near Mint","English","foil","","2025-11-21 16:39:34.243000","265","False","False",""
"4","4","Airship Engine Room","tla","Near Mint","English","","","2025-11-21 16:39:26.113000","265","False","False",""
"7","7","Airtight Alibi","mkm","Near Mint","English","","","2025-10-29 13:08:06.133000","149","False","False",""
"3","3","Ajani Fells the Godsire","mh3","Near Mint","English","","","2025-10-29 13:08:06.133000","19","False","False",""
"1","1","Ajani Steadfast","cmm","Near Mint","English","","","2025-10-29 13:08:06.133000","813","False","False",""
"1","1","Ajani Unyielding","ncc","Near Mint","English","","","2025-10-29 13:08:06.133000","324","False","False",""
"1","1","Ajani, Caller of the Pride","scd","Near Mint","English","","","2025-10-29 13:08:06.133000","6","False","False",""
"1","1","Ajani, Nacatl Pariah // Ajani, Nacatl Avenger","mh3","Near Mint","English","","","2025-10-29 13:08:06.133000","237","False","False",""
"1","1","Ajani, Sleeper Agent","dmu","Near Mint","English","","","2025-10-29 13:08:06.133000","375","False","False",""
"1","1","Ajani, Strength of the Pride","plst","Near Mint","English","","","2025-10-29 13:08:06.133000","M20-2","False","False",""
"1","1","Ajani's Chosen","c18","Near Mint","English","","","2025-10-29 13:08:06.133000","61","False","False",""
"1","1","Ajani's Chosen","woc","Near Mint","English","","","2025-10-29 13:08:06.133000","59","False","False",""
"2","2","Ajani's Pridemate","fdn","Near Mint","English","","","2025-10-29 13:08:06.133000","135","False","False",""
"3","3","Ajani's Pridemate","j25","Near Mint","English","","","2025-10-29 13:08:06.133000","158","False","False",""
"1","1","Akal Pakal, First Among Equals","lci","Near Mint","English","","","2025-10-29 13:08:06.133000","44","False","False",""
"1","1","Akal Pakal, First Among Equals","lci","Near Mint","English","foil","","2025-10-29 13:08:06.133000","44","False","False",""
"1","1","Akal Pakal, First Among Equals","lci","Near Mint","English","","","2025-10-29 13:08:06.133000","292","False","False",""
"2","2","Akawalli, the Seething Tower","lci","Near Mint","English","","","2025-10-29 13:08:06.133000","220","False","False",""
"1","1","Akiri, Fearless Voyager","znr","Near Mint","English","","","2025-10-29 13:08:06.133000","220","False","False",""
"3","3","Akki Ember-Keeper","neo","Near Mint","English","","","2025-10-29 13:08:06.133000","130","False","False",""
"1","1","Akki Ember-Keeper","neo","Near Mint","English","foil","","2025-10-29 13:08:06.133000","130","False","False",""
"1","1","Akki Ronin","neo","Near Mint","English","","","2025-10-29 13:08:06.133000","131","False","False",""
"2","2","Akki Ronin","neo","Near Mint","English","","","2025-10-29 13:08:06.133000","319","False","False",""
"1","1","Akki Ronin","neo","Near Mint","English","foil","","2025-10-29 13:08:06.133000","131","False","False",""
"6","6","Akki Scrapchomper","mom","Near Mint","English","","","2025-12-16 13:59:13.090000","130","False","False",""
"4","4","Akki War Paint","neo","Near Mint","English","","","2025-10-29 13:08:06.133000","132","False","False",""
"1","1","Akoum Hellkite","scd","Near Mint","English","","","2025-10-29 13:08:06.133000","123","False","False",""
"1","1","Akoum Refuge","scd","Near Mint","English","","","2025-10-29 13:08:06.133000","289","False","False",""
"1","1","Akroan Skyguard","j25","Near Mint","English","","","2025-10-29 13:08:06.133000","159","False","False",""
"1","1","Akroma's Will","fca","Near Mint","English","","","2025-10-29 13:08:06.133000","21","False","False",""
"1","1","Akroma's Will","lcc","Near Mint","English","","","2025-10-29 13:08:06.133000","125","False","False",""
"1","1","Akroma's Will","fca","Near Mint","English","foil","","2025-11-03 13:40:34.570000","21","False","False",""
"10","10","Al Bhed Salvagers","fin","Near Mint","English","","","2025-10-29 13:08:06.133000","88","False","False",""
"1","1","Al Bhed Salvagers","fin","Near Mint","English","foil","","2025-10-29 13:08:06.133000","88","False","False",""
"7","7","Alabaster Host Intercessor","mom","Near Mint","English","","","2025-12-16 13:34:22.120000","3","False","False",""
"7","7","Alabaster Host Sanctifier","mom","Near Mint","English","","","2025-12-16 13:32:29.170000","4","False","False",""
"2","2","Alacrian Armory","dft","Near Mint","English","","","2025-10-29 13:08:06.133000","2","False","False",""
"5","5","Alacrian Jaguar","dft","Near Mint","English","","","2025-10-29 13:08:06.133000","152","False","False",""
"1","1","Alacrian Jaguar","dft","Near Mint","English","foil","","2025-10-29 13:08:06.133000","152","False","False",""
"1","1","Alandra, Sky Dreamer","mkc","Near Mint","English","","","2025-10-29 13:08:06.133000","94","False","False",""
"3","3","Alania, Divergent Storm","blb","Near Mint","English","","","2025-10-29 13:08:06.133000","204","False","False",""
"1","1","Alania, Divergent Storm","blb","Near Mint","English","foil","","2025-10-29 13:08:06.133000","204","False","False",""
"10","10","Alania's Pathmaker","blb","Near Mint","English","","","2025-10-29 13:08:06.133000","123","False","False",""
"1","1","Alania's Pathmaker","blb","Near Mint","English","foil","","2025-10-29 13:08:06.133000","123","False","False",""
"1","1","Alaundo the Seer","clb","Near Mint","English","","","2025-10-29 13:08:06.133000","264","False","False",""
"1","1","Alaundo the Seer","clb","Near Mint","English","foil","","2025-10-29 13:08:06.133000","264","False","False",""
"1","1","Alchemist's Apprentice","avr","Near Mint","English","","","2025-10-29 13:08:06.133000","42","False","False",""
"4","4","Alchemist's Assistant","tdm","Near Mint","English","","","2025-10-29 13:08:06.133000","71","False","False",""
"1","1","Alchemist's Gambit","vow","Near Mint","English","","","2025-10-29 13:08:06.133000","140","False","False",""
"1","1","Alchemist's Gift","m21","Near Mint","English","","","2025-10-29 13:08:06.133000","87","False","False",""
"2","2","Alchemist's Greeting","inr","Near Mint","English","","","2025-10-29 13:08:06.133000","393","False","False",""
"1","1","Alchemist's Greeting","inr","Near Mint","English","foil","","2025-10-29 13:08:06.133000","140","False","False",""
"3","3","Alchemist's Greeting","inr","Near Mint","English","","","2025-10-29 13:08:06.133000","140","False","False",""
"1","1","Alchemist's Refuge","lcc","Near Mint","English","","","2025-10-29 13:08:06.133000","318","False","False",""
"4","4","Alchemist's Retrieval","vow","Near Mint","English","","","2025-10-29 13:08:06.133000","47","False","False",""
"2","2","Alchemist's Retrieval","vow","Near Mint","English","foil","","2025-10-29 13:08:06.133000","47","False","False",""
"1","1","Alchemist's Talent","blc","Near Mint","English","","","2025-10-29 13:08:06.133000","22","False","False",""
"2","2","Alela, Artful Provocateur","ncc","Near Mint","English","","","2025-10-29 13:08:06.133000","325","False","False",""
"1","1","Alela, Cunning Conqueror","woc","Near Mint","English","","","2025-10-29 13:08:06.133000","3","False","False",""
"7","7","Alesha's Legacy","tdm","Near Mint","English","","","2025-10-29 13:08:06.133000","72","False","False",""
"3","3","Alesha's Legacy","tdm","Near Mint","English","foil","","2025-10-29 13:08:06.133000","72","False","False",""
"1","1","Alexios, Deimos of Kosmos","acr","Near Mint","English","","","2025-10-29 13:08:06.133000","33","False","False",""
"1","1","Alexios, Deimos of Kosmos","acr","Near Mint","English","","","2025-10-29 13:08:06.133000","134","False","False",""
"1","1","Alhammarret's Archive","plst","Near Mint","English","","","2025-10-29 13:08:06.133000","ORI-221","False","False",""
"1","1","Alharu, Solemn Ritualist","cmm","Near Mint","English","","","2025-10-29 13:08:06.133000","8","False","False",""
"1","1","Alibou, Ancient Witness","eoc","Near Mint","English","","","2025-10-29 13:08:06.133000","113","False","False",""
"1","1","Alien Symbiosis","spm","Near Mint","English","","","2025-10-29 13:08:06.133000","50","False","False",""
"1","1","Aligned Heart","tdc","Near Mint","English","","","2025-10-29 13:08:06.133000","12","False","False",""
"1","1","Alisaie Leveilleur","fic","Near Mint","English","","","2025-10-29 13:08:06.133000","9","False","False",""
"1","1","Alisaie Leveilleur","fic","Near Mint","English","foil","","2025-10-29 13:08:06.133000","9","False","False",""
"1","1","Alisaie Leveilleur","fic","Near Mint","English","","","2025-10-29 13:08:06.133000","129","False","False",""
"1","1","Alistair, the Brigadier","who","Near Mint","English","","","2025-10-29 13:08:06.133000","112","False","False",""
"1","1","All Suns' Dawn","mm2","Near Mint","English","","","2025-10-29 13:08:06.133000","138","False","False",""
"1","1","All That Glitters","pip","Near Mint","English","","","2025-10-29 13:08:06.133000","155","False","False",""
"3","3","Alley Assailant","mkm","Near Mint","English","","","2025-10-29 13:08:06.133000","76","False","False",""
"1","1","Alley Assailant","mkm","Near Mint","English","foil","","2025-10-29 13:08:06.133000","76","False","False",""
"1","1","Alley Grifters","mmq","Near Mint","English","","","2025-10-29 13:08:06.133000","115","False","False",""
"1","1","Alley Strangler","j22","Near Mint","English","","","2025-10-29 13:08:06.133000","375","False","False",""
"5","5","All-Fates Scroll","eoe","Near Mint","English","","","2025-10-29 13:08:06.133000","234","False","False",""
"1","1","All-Fates Scroll","eoe","Near Mint","English","foil","","2025-10-29 13:08:06.133000","234","False","False",""
"5","5","All-Fates Stalker","eoe","Near Mint","English","","","2025-10-29 13:08:06.133000","3","False","False",""
"3","3","Allies at Last","tla","Near Mint","English","","","2025-12-05 12:42:26.610000","164","False","False",""
"1","1","All-Out Assault","tdm","Near Mint","English","","","2025-10-29 13:08:06.133000","167","False","False",""
"2","2","Alluring Suitor // Deadly Dancer","vow","Near Mint","English","","","2025-10-29 13:08:06.133000","141","False","False",""
"1","1","Almost Perfect","pip","Near Mint","English","","","2025-10-29 13:08:06.133000","90","False","False",""
"2","2","Aloe Alchemist","otj","Near Mint","English","","","2025-10-29 13:08:06.133000","152","False","False",""
"1","1","Alora, Merry Thief","clb","Near Mint","English","","","2025-10-29 13:08:06.133000","381","False","False",""
"1","1","Alora, Merry Thief","clb","Near Mint","English","","","2025-10-29 13:08:06.133000","55","False","False",""
"1","1","Aloy, Savior of Meridian","sld","Near Mint","English","","","2026-01-03 17:40:25.703000","2221","False","False",""
"1","1","Alpha Deathclaw","pip","Near Mint","English","","","2025-10-29 13:08:06.133000","91","False","False",""
"1","1","Alpharael, Dreaming Acolyte","eoe","Near Mint","English","foil","","2025-10-29 13:08:06.133000","212","False","False",""
"4","4","Alpharael, Dreaming Acolyte","eoe","Near Mint","English","","","2025-10-29 13:08:06.133000","212","False","False",""
"1","1","Alpharael, Stonechosen","eoe","Near Mint","English","foil","","2025-10-29 13:08:06.133000","292","False","False",""
"1","1","Alphinaud Leveilleur","fic","Near Mint","English","foil","","2025-10-29 13:08:06.133000","33","False","False",""
"1","1","Alphinaud Leveilleur","fic","Near Mint","English","","","2025-10-29 13:08:06.133000","33","False","False",""
"1","1","Alpine Guide","mh1","Near Mint","English","","","2025-10-29 13:08:06.133000","117","False","False",""
"2","2","Alpine Moon","m19","Near Mint","English","","","2025-10-29 13:08:06.133000","128","False","False",""
"1","1","Alquist Proft, Master Sleuth","mkm","Near Mint","English","","","2025-10-29 13:08:06.133000","185","False","False",""
"4","4","Altanak, the Thrice-Called","dsk","Near Mint","English","","","2025-10-29 13:08:06.133000","166","False","False",""
"1","1","Altanak, the Thrice-Called","dsk","Near Mint","English","foil","","2025-10-29 13:08:06.133000","166","False","False",""
"1","1","Altar of the Goyf","m3c","Near Mint","English","","","2025-10-29 13:08:06.133000","282","False","False",""
"1","1","Altered Ego","fic","Near Mint","English","foil","","2025-10-29 13:08:06.133000","317","False","False",""
"1","1","Amalia Benavides Aguirre","lci","Near Mint","English","","","2025-10-29 13:08:06.133000","221","False","False",""
"1","1","Amalia Benavides Aguirre","lci","Near Mint","English","foil","","2025-10-29 13:08:06.133000","221","False","False",""
"3","3","Amazing Acrobatics","spm","Near Mint","English","","","2025-10-29 13:08:06.133000","25","False","False",""
"1","1","Ambassador Blorpityblorpboop","unf","Near Mint","English","","","2025-10-29 13:08:06.133000","161","False","False",""
"1","1","Ambassador Blorpityblorpboop","unf","Near Mint","English","","","2025-10-29 13:08:06.133000","254","False","False",""
"1","1","Amber Prison","plst","Near Mint","English","","","2025-10-29 13:08:06.133000","MIR-292","False","False",""
"1","1","Ambition's Cost","clb","Near Mint","English","","","2025-10-29 13:08:06.133000","110","False","False",""
"1","1","Ambition's Cost","scd","Near Mint","English","","","2025-10-29 13:08:06.133000","66","False","False",""
"3","3","Ambitious Assault","neo","Near Mint","English","","","2025-10-29 13:08:06.133000","133","False","False",""
"3","3","Ambitious Dragonborn","clb","Near Mint","English","","","2025-10-29 13:08:06.133000","213","False","False",""
"1","1","Ambitious Farmhand // Seasoned Cathar","inr","Near Mint","English","foil","","2025-10-29 13:08:06.133000","8","False","False",""
"2","2","Ambitious Farmhand // Seasoned Cathar","inr","Near Mint","English","","","2025-10-29 13:08:06.133000","8","False","False",""
"3","3","Ambrosia Whiteheart","fin","Near Mint","English","foil","","2025-10-29 13:08:06.133000","325","False","False",""
"4","4","Ambrosia Whiteheart","fin","Near Mint","English","","","2025-10-29 13:08:06.133000","6","False","False",""
"2","2","Ambrosia Whiteheart","fin","Near Mint","English","","","2025-10-29 13:08:06.133000","325","False","False",""
"1","1","Ambrosia Whiteheart","fin","Near Mint","English","foil","","2025-10-29 13:08:06.133000","6","False","False",""
"4","4","Ambush Gigapede","otj","Near Mint","English","","","2025-10-29 13:08:06.133000","77","False","False",""
"1","1","Ambush Gigapede","otj","Near Mint","English","foil","","2025-10-29 13:08:06.133000","77","False","False",""
"3","3","Ambush Paratrooper","bro","Near Mint","English","","","2025-10-29 13:08:06.133000","3","False","False",""
"4","4","Ambush Viper","inr","Near Mint","English","","","2025-10-29 13:08:06.133000","186","False","False",""
"2","2","Ambush Wolf","fdn","Near Mint","English","foil","","2025-10-29 13:08:06.133000","98","False","False",""
"3","3","Ambush Wolf","fdn","Near Mint","English","","","2025-10-29 13:08:06.133000","98","False","False",""
"1","1","Amethyst Dragon // Explosive Crystal","clb","Near Mint","English","","","2025-10-29 13:08:06.133000","160","False","False",""
"2","2","Aminatou, Veil Piercer","dsc","Near Mint","English","","","2025-10-29 13:08:06.133000","1","False","False",""
"1","1","Aminatou's Augury","dsc","Near Mint","English","","","2025-10-29 13:08:06.133000","71","False","False",""
"1","1","Amonkhet Raceway","dft","Near Mint","English","","","2025-10-29 13:08:06.133000","248","False","False",""
"2","2","Amped Raptor","mh3","Near Mint","English","","","2025-10-29 13:08:06.133000","114","False","False",""
"1","1","Amped Raptor","mh3","Near Mint","English","foil","","2025-10-29 13:08:06.133000","114","False","False",""
"2","2","Amped Up","unf","Near Mint","English","","","2025-10-29 13:08:06.133000","98","False","False",""
"1","1","Amphin Mutineer","tdc","Near Mint","English","","","2025-10-29 13:08:06.133000","143","False","False",""
"1","1","Amphin Mutineer","lcc","Near Mint","English","","","2025-10-29 13:08:06.133000","143","False","False",""
"1","1","Amy Rose","sld","Near Mint","English","","","2025-10-29 13:08:06.133000","2083","False","False",""
"3","3","An Incident Has Occurred","unf","Near Mint","English","","","2025-10-29 13:08:06.133000","143","False","False",""
"1","1","An Offer You Can't Refuse","blc","Near Mint","English","","","2025-10-29 13:08:06.133000","170","False","False",""
"1","1","An Offer You Can't Refuse","fdn","Near Mint","English","","","2026-01-08 21:38:53.743000","160","False","False",""
"1","1","An Offer You Can't Refuse","fic","Near Mint","English","foil","","2025-10-29 13:08:06.133000","267","False","False",""
"1","1","An Offer You Can't Refuse","snc","Near Mint","English","","","2025-10-29 13:08:06.133000","51","False","False",""
"1","1","An Unearthly Child","who","Near Mint","English","","","2025-10-29 13:08:06.133000","35","False","False",""
"1","1","Anaconda","por","Near Mint","English","","","2025-10-29 13:08:06.133000","158","False","False",""
"2","2","Anafenza, Kin-Tree Spirit","mul","Near Mint","English","","","2025-12-16 13:36:07.660000","1","False","False",""
"1","1","Anafenza, Kin-Tree Spirit","cmm","Near Mint","English","","","2025-10-29 13:08:06.133000","11","False","False",""
"1","1","Analyze the Pollen","mkm","Near Mint","English","","","2025-10-29 13:08:06.133000","308","False","False",""
"1","1","Analyze the Pollen","mkm","Near Mint","English","","","2025-10-29 13:08:06.133000","150","False","False",""
"2","2","Anax, Hardened in the Forge","cmm","Near Mint","English","","","2025-10-29 13:08:06.133000","204","False","False",""
"1","1","Ancestor Dragon","fdn","Near Mint","English","","","2025-10-29 13:08:06.133000","489","False","False",""
"5","5","Ancestors' Aid","lci","Near Mint","English","","","2025-10-29 13:08:06.133000","132","False","False",""
"2","2","Ancestral Anger","j25","Near Mint","English","","","2025-10-29 13:08:06.133000","516","False","False",""
"2","2","Ancestral Anger","vow","Near Mint","English","","","2025-10-29 13:08:06.133000","142","False","False",""
"6","6","Ancestral Anger","inr","Near Mint","English","","","2025-10-29 13:08:06.133000","141","False","False",""
"2","2","Ancestral Blade","cmm","Near Mint","English","","","2025-10-29 13:08:06.133000","12","False","False",""
"1","1","Ancestral Blade","plst","Near Mint","English","","","2025-10-29 13:08:06.133000","2XM-3","False","False",""
"1","1","Ancestral Blade","j25","Near Mint","English","","","2025-10-29 13:08:06.133000","160","False","False",""
"3","3","Ancestral Katana","neo","Near Mint","English","","","2025-10-29 13:08:06.133000","1","False","False",""
"1","1","Ancestral Mask","woc","Near Mint","English","","","2025-10-29 13:08:06.133000","119","False","False",""
"6","6","Ancestral Reminiscence","lci","Near Mint","English","","","2025-10-29 13:08:06.133000","45","False","False",""
"1","1","Ancestral Vision","tdc","Near Mint","English","","","2025-10-29 13:08:06.133000","144","False","False",""
"2","2","Anchor to Reality","neo","Near Mint","English","","","2025-10-29 13:08:06.133000","45","False","False",""
"1","1","Ancient Adamantoise","fin","Near Mint","English","","","2025-10-29 13:08:06.133000","172","False","False",""
"1","1","Ancient Brass Dragon","clb","Near Mint","English","","","2025-10-29 13:08:06.133000","111","False","False",""
"1","1","Ancient Cellarspawn","dsc","Near Mint","English","","","2025-10-29 13:08:06.133000","16","False","False",""
"2","2","Ancient Copper Dragon","clb","Near Mint","English","","","2025-10-29 13:08:06.133000","161","False","False",""
"1","1","Ancient Copper Dragon","fca","Near Mint","English","","","2025-10-29 13:08:06.133000","12","False","False",""
"1","1","Ancient Copper Dragon","fca","Near Mint","English","foil","","2025-10-29 13:08:06.133000","12","False","False",""
"1","1","Ancient Den","eoc","Near Mint","English","","","2025-10-29 13:08:06.133000","148","False","False",""
"1","1","Ancient Gold Dragon","clb","Near Mint","English","","","2025-11-13 17:25:34.480000","3","False","False",""
"1","1","Ancient Greenwarden","j25","Near Mint","English","","","2025-10-29 13:08:06.133000","627","False","False",""
"1","1","Ancient Greenwarden","otc","Near Mint","English","","","2025-10-29 13:08:06.133000","186","False","False",""
"2","2","Ancient Imperiosaur","mom","Near Mint","English","","","2025-10-29 13:08:06.133000","174","False","False",""
"1","1","Ancient Lumberknot","vow","Near Mint","English","","","2025-10-29 13:08:06.133000","230","False","False",""
"1","1","Ancient Stone Idol","mkc","Near Mint","English","","","2025-10-29 13:08:06.133000","222","False","False",""
"2","2","Ancient Vendetta","dft","Near Mint","English","","","2025-10-29 13:08:06.133000","75","False","False",""
"1","1","Ancient Vendetta","dft","Near Mint","English","foil","","2025-10-29 13:08:06.133000","75","False","False",""
"1","1","Ancient Ziggurat","ecc","Near Mint","English","","","2026-02-02 20:21:09.317000","144","False","False",""
"1","1","And They Shall Know No Fear","40k","Near Mint","English","","","2025-10-29 13:08:06.133000","9","False","False",""
"1","1","Andúril, Flame of the West","ltr","Near Mint","English","foil","","2025-10-29 13:08:06.133000","236","False","False",""
"1","1","Angel of Destiny","pznr","Near Mint","English","","","2025-10-29 13:08:06.133000","2p","False","False",""
"1","1","Angel of Finality","fdn","Near Mint","English","foil","","2025-10-29 13:08:06.133000","136","False","False",""
"4","4","Angel of Finality","fdn","Near Mint","English","","","2025-10-29 13:08:06.133000","136","False","False",""
"1","1","Angel of Glory's Rise","mic","Near Mint","English","","","2025-10-29 13:08:06.133000","79","False","False",""
"1","1","Angel of Indemnity","otc","Near Mint","English","","","2025-10-29 13:08:06.133000","9","False","False",""
"1","1","Angel of Invention","tdc","Near Mint","English","","","2025-10-29 13:08:06.133000","109","False","False",""
"1","1","Angel of Mercy","ima","Near Mint","English","","","2025-10-29 13:08:06.133000","6","False","False",""
"1","1","Angel of Sanctions","drc","Near Mint","English","","","2025-10-29 13:08:06.133000","62","False","False",""
"1","1","Angel of the Dawn","m19","Near Mint","English","","","2025-10-29 13:08:06.133000","7","False","False",""
"1","1","Angel of the God-Pharaoh","hou","Near Mint","English","","","2025-10-29 13:08:06.133000","4","False","False",""
"1","1","Angel of the Ruins","mh3","Near Mint","English","","","2025-10-29 13:08:06.133000","262","False","False",""
"1","1","Angel of the Ruins","fic","Near Mint","English","","","2025-10-29 13:08:06.133000","229","False","False",""
"1","1","Angel of the Ruins","mkc","Near Mint","English","","","2025-10-29 13:08:06.133000","55","False","False",""
"1","1","Angel of the Ruins","otc","Near Mint","English","","","2025-10-29 13:08:06.133000","78","False","False",""
"1","1","Angel of the Ruins","eoc","Near Mint","English","","","2025-10-29 13:08:06.133000","63","False","False",""
"1","1","Angel of the Ruins","blc","Near Mint","English","","","2025-10-29 13:08:06.133000","134","False","False",""
"1","1","Angel of Vitality","plst","Near Mint","English","","","2025-10-29 13:08:06.133000","M20-4","False","False",""
"3","3","Angel of Vitality","j25","Near Mint","English","","","2025-10-29 13:08:06.133000","162","False","False",""
"1","1","Angelic Destiny","woc","Near Mint","English","","","2025-10-29 13:08:06.133000","60","False","False",""
"1","1","Angelic Edict","fdn","Near Mint","English","","","2025-10-29 13:08:06.133000","490","False","False",""
"1","1","Angelic Exaltation","rvr","Near Mint","English","","","2025-10-29 13:08:06.133000","2","False","False",""
"1","1","Angelic Gift","j25","Near Mint","English","","","2025-10-29 13:08:06.133000","165","False","False",""
"3","3","Angelic Harold","unf","Near Mint","English","","","2025-10-29 13:08:06.133000","162","False","False",""
"6","6","Angelic Intervention","mom","Near Mint","English","","","2025-12-16 00:08:52.450000","5","False","False",""
"1","1","Angelic Observer","snc","Near Mint","English","","","2025-10-29 13:08:06.133000","1","False","False",""
"4","4","Angelic Purge","inr","Near Mint","English","","","2025-10-29 13:08:06.133000","9","False","False",""
"1","1","Angelic Purge","soi","Near Mint","English","","","2025-10-29 13:08:06.133000","3","False","False",""
"1","1","Angelic Quartermaster","vow","Near Mint","English","","","2025-10-29 13:08:06.133000","2","False","False",""
"1","1","Angelic Sell-Sword","otc","Near Mint","English","","","2025-10-29 13:08:06.133000","10","False","False",""
"1","1","Angelic Sleuth","ncc","Near Mint","English","","","2025-10-29 13:08:06.133000","12","False","False",""
"1","1","Angelic Wall","avr","Near Mint","English","","","2025-10-29 13:08:06.133000","4","False","False",""
"1","1","Angel's Mercy","avr","Near Mint","English","","","2025-10-29 13:08:06.133000","3","False","False",""
"1","1","Angel's Tomb","inr","Near Mint","English","foil","","2025-10-29 13:08:06.133000","253","False","False",""
"3","3","Angel's Tomb","inr","Near Mint","English","","","2025-10-29 13:08:06.133000","253","False","False",""
"1","1","Angel's Tomb","inr","Near Mint","English","","","2025-10-29 13:08:06.133000","438","False","False",""
"1","1","Anger","m3c","Near Mint","English","","","2025-10-29 13:08:06.133000","208","False","False",""
"1","1","Anger","fic","Near Mint","English","","","2025-10-29 13:08:06.133000","289","False","False",""
"1","1","Angler Turtle","scd","Near Mint","English","","","2025-10-29 13:08:06.133000","43","False","False",""
"1","1","Angrath, Captain of Chaos","war","Near Mint","English","","","2025-10-29 13:08:06.133000","227","False","False",""
"1","1","Angrath's Marauders","otc","Near Mint","English","","","2025-10-29 13:08:06.133000","153","False","False",""
"1","1","Angrath's Marauders","lcc","Near Mint","English","","","2025-10-29 13:08:06.133000","215","False","False",""
"4","4","Angry Rabble","spm","Near Mint","English","","","2025-10-29 13:08:06.133000","75","False","False",""
"2","2","Anguished Unmaking","tdc","Near Mint","English","","","2025-10-29 13:08:06.133000","279","False","False",""
"1","1","Anguished Unmaking","pip","Near Mint","English","","","2025-10-29 13:08:06.133000","209","False","False",""
"1","1","Anim Pakal, Thousandth Moon","lci","Near Mint","English","","","2025-10-29 13:08:06.133000","223","False","False",""
"1","1","Animal Friend","pip","Near Mint","English","","","2025-10-29 13:08:06.133000","72","False","False",""
"2","2","Animal Magnetism","cmm","Near Mint","English","","","2025-10-29 13:08:06.133000","271","False","False",""
"1","1","Animate Graveyard","unf","Near Mint","English","","","2025-10-29 13:08:06.133000","65","False","False",""
"2","2","Animate Object","unf","Near Mint","English","","","2025-10-29 13:08:06.133000","33","False","False",""
"1","1","Anje, Maid of Dishonor","vow","Near Mint","English","","","2025-10-29 13:08:06.133000","231","False","False",""
"1","1","Anje, Maid of Dishonor","vow","Near Mint","English","foil","","2025-10-29 13:08:06.133000","309","False","False",""
"1","1","Anje's Ravager","j25","Near Mint","English","","","2025-10-29 13:08:06.133000","517","False","False",""
"1","1","Ankle Biter","otj","Near Mint","English","","","2025-10-29 13:08:06.133000","153","False","False",""
"1","1","Annie Joins Up","otj","Near Mint","English","","","2025-10-29 13:08:06.133000","191","False","False",""
"4","4","Annul","eoe","Near Mint","English","","","2025-10-29 13:08:06.133000","46","False","False",""
"1","1","Anointed Peacekeeper","dmu","Near Mint","English","","","2025-10-29 13:08:06.133000","2","False","False",""
"1","1","Anointer of Valor","j22","Near Mint","English","","","2025-10-29 13:08:06.133000","148","False","False",""
"4","4","Another Chance","lci","Near Mint","English","","","2025-10-29 13:08:06.133000","90","False","False",""
"2","2","Another Round","otj","Near Mint","English","","","2025-10-29 13:08:06.133000","1","False","False",""
"1","1","Anrakyr the Traveller","40k","Near Mint","English","","","2025-10-29 13:08:06.133000","28","False","False",""
"1","1","Answered Prayers","mh1","Near Mint","English","","","2025-10-29 13:08:06.133000","2","False","False",""
"2","2","Antagonize","snc","Near Mint","English","","","2025-10-29 13:08:06.133000","100","False","False",""
"2","2","Anthem of Champions","fdn","Near Mint","English","","","2025-10-29 13:08:06.133000","116","False","False",""
"14","14","Anthropede","dsk","Near Mint","English","","","2025-10-29 13:08:06.133000","167","False","False",""
"4","4","Anticausal Vestige","eoe","Near Mint","English","","","2025-10-29 13:08:06.133000","1","False","False",""
"1","1","Anticipate","iko","Near Mint","English","","","2025-10-29 13:08:06.133000","40","False","False",""
"1","1","Anya, Merciless Angel","mkc","Near Mint","English","","","2025-10-29 13:08:06.133000","199","False","False",""
"1","1","Anzrag, the Quake-Mole","mkm","Near Mint","English","","","2025-10-29 13:08:06.133000","356","False","False",""
"2","2","Anzrag's Rampage","mkm","Near Mint","English","","","2025-10-29 13:08:06.133000","111","False","False",""
"1","1","Anzrag's Rampage","mkm","Near Mint","English","","","2025-10-29 13:08:06.133000","303","False","False",""
"1","1","Apathy","wth","Near Mint","English","","","2025-10-29 13:08:06.133000","33","False","False",""
"1","1","Apex Altisaur","lcc","Near Mint","English","","","2025-10-29 13:08:06.133000","232","False","False",""
"1","1","Apex Devastator","m3c","Near Mint","English","","","2025-10-29 13:08:06.133000","220","False","False",""
"1","1","Aphelia, Viper Whisperer","j25","Near Mint","English","","","2025-10-29 13:08:06.133000","40","False","False",""
"3","3","Apocalypse Runner","dft","Near Mint","English","","","2025-10-29 13:08:06.133000","188","False","False",""
"1","1","Apostle of Invasion","one","Near Mint","English","","","2025-10-29 13:08:06.133000","3","False","False",""
"5","5","Apothecary Geist","inr","Near Mint","English","","","2025-10-29 13:08:06.133000","10","False","False",""
"4","4","Apothecary Stomper","fdn","Near Mint","English","","","2025-10-29 13:08:06.133000","99","False","False",""
"4","4","Appa, Loyal Sky Bison","tla","Near Mint","English","","","2025-12-19 17:17:46.157000","9","False","False",""
"1","1","Appa, Steadfast Guardian","tla","Near Mint","English","foil","","2025-11-21 17:20:56.293000","316","False","False",""
"3","3","Appeal to Eirdu","ecl","Near Mint","English","","","2026-02-02 20:18:11.780000","5","False","False",""
"3","3","Appendage Amalgam","dsk","Near Mint","English","foil","","2025-10-29 13:08:06.133000","83","False","False",""
"8","8","Appendage Amalgam","dsk","Near Mint","English","","","2025-10-29 13:08:06.133000","83","False","False",""
"1","1","Appetite for the Unnatural","kld","Near Mint","English","","","2025-10-29 13:08:06.133000","141","False","False",""
"1","1","Apple of Eden, Isu Relic","acr","Near Mint","English","","","2025-10-29 13:08:06.133000","122","False","False",""
"3","3","Apprentice Sharpshooter","vow","Near Mint","English","","","2025-10-29 13:08:06.133000","185","False","False",""
"2","2","Aqueous Form","cmr","Near Mint","English","","","2025-10-29 13:08:06.133000","56","False","False",""
"2","2","Aquitect's Defenses","ecl","Near Mint","English","","","2026-02-02 19:59:07.393000","44","False","False",""
"4","4","Arabella, Abandoned Doll","dsk","Near Mint","English","","","2025-10-29 13:08:06.133000","208","False","False",""
"1","1","Arachnogenesis","cmm","Near Mint","English","","","2025-10-29 13:08:06.133000","272","False","False",""
"8","8","Arachnoid Adaptation","mom","Near Mint","English","","","2025-12-15 23:51:33.230000","175","False","False",""
"1","1","Aradara Express","kld","Near Mint","English","","","2025-10-29 13:08:06.133000","195","False","False",""
"1","1","Aradesh, the Founder","pip","Near Mint","English","","","2025-10-29 13:08:06.133000","9","False","False",""
"1","1","Aragorn and Arwen, Wed","ltr","Near Mint","English","foil","","2025-10-29 13:08:06.133000","287","False","False",""
"1","1","Aragorn, the Uniter","ltr","Near Mint","English","","","2025-10-29 13:08:06.133000","434","False","False",""
"1","1","Arahbo, the First Fang","fdn","Near Mint","English","","","2025-10-29 13:08:06.133000","294","False","False",""
"1","1","Arahbo, the First Fang","fdn","Near Mint","English","","","2025-10-29 13:08:06.133000","2","False","False",""
"1","1","Araña, Heart of the Spider","spm","Near Mint","English","","","2025-10-29 13:08:06.133000","123","False","False",""
"1","1","Arashin Foremost","dtk","Near Mint","English","","","2025-10-29 13:08:06.133000","3","False","False",""
"10","10","Arashin Sunshield","tdm","Near Mint","English","","","2025-10-29 13:08:06.133000","3","False","False",""
"2","2","Arasta of the Endless Web","tdc","Near Mint","English","","","2025-10-29 13:08:06.133000","244","False","False",""
"1","1","Arbaaz Mir","acr","Near Mint","English","","","2025-10-29 13:08:06.133000","138","False","False",""
"2","2","Arbaaz Mir","acr","Near Mint","English","","","2025-10-29 13:08:06.133000","46","False","False",""
"1","1","Arbaaz Mir","acr","Near Mint","English","foil","","2025-10-29 13:08:06.133000","138","False","False",""
"2","2","Arbor Adherent","tdc","Near Mint","English","","","2025-10-29 13:08:06.133000","42","False","False",""
"1","1","Arbor Elf","m13","Near Mint","English","","","2025-10-29 13:08:06.133000","160","False","False",""
"1","1","Arbor Elf","ltc","Near Mint","English","","","2025-10-29 13:08:06.133000","232","False","False",""
"1","1","Arborback Stomper","kld","Near Mint","English","","","2025-10-29 13:08:06.133000","142","False","False",""
"3","3","Arborea Pegasus","afr","Near Mint","English","","","2025-10-29 13:08:06.133000","2","False","False",""
"1","1","Arborea Pegasus","afr","Near Mint","English","","","2025-10-29 13:08:06.133000","299","False","False",""
"1","1","Arboreal Alliance","ltc","Near Mint","English","foil","","2025-10-29 13:08:06.133000","497","False","False",""
"2","2","Arboreal Grazer","rvr","Near Mint","English","","","2025-10-29 13:08:06.133000","131","False","False",""
"2","2","Arboreal Grazer","tdc","Near Mint","English","","","2025-10-29 13:08:06.133000","245","False","False",""
"1","1","Arboreal Grazer","rvr","Near Mint","English","","","2025-10-29 13:08:06.133000","343","False","False",""
"2","2","Arc Spitter","snc","Near Mint","English","","","2025-10-29 13:08:06.133000","233","False","False",""
"1","1","Arcade Gannon","pip","Near Mint","English","","","2025-10-29 13:08:06.133000","92","False","False",""
"1","1","Arcane Bombardment","otc","Near Mint","English","","","2025-10-29 13:08:06.133000","154","False","False",""
"1","1","Arcane Denial","m3c","Near Mint","English","","","2025-10-29 13:08:06.133000","176","False","False",""
"1","1","Arcane Denial","drc","Near Mint","English","","","2025-10-29 13:08:06.133000","70","False","False",""
"1","1","Arcane Denial","otc","Near Mint","English","","","2025-10-29 13:08:06.133000","89","False","False",""
"1","1","Arcane Denial","dsc","Near Mint","English","","","2025-10-29 13:08:06.133000","110","False","False",""
"1","1","Arcane Encyclopedia","clb","Near Mint","English","foil","","2025-10-29 13:08:06.133000","297","False","False",""
"4","4","Arcane Epiphany","fdn","Near Mint","English","","","2025-10-29 13:08:06.133000","29","False","False",""
"2","2","Arcane Infusion","mid","Near Mint","English","","","2025-10-29 13:08:06.133000","210","False","False",""
"4","4","Arcane Investigator","afr","Near Mint","English","","","2025-10-29 13:08:06.133000","46","False","False",""
"1","1","Arcane Melee","c13","Near Mint","English","","","2025-10-29 13:08:06.133000","29","False","False",""
"1","1","Arcane Proxy","bro","Near Mint","English","foil","","2025-10-29 13:08:06.133000","75","False","False",""
"1","1","Arcane Proxy","bro","Near Mint","English","","","2025-10-29 13:08:06.133000","75","False","False",""
"1","1","Arcane Sanctum","dsc","Near Mint","English","","","2025-10-29 13:08:06.133000","259","False","False",""
"1","1","Arcane Sanctum","fic","Near Mint","English","foil","","2025-10-29 13:08:06.133000","373","False","False",""
"1","1","Arcane Sanctum","fic","Near Mint","English","","","2025-10-29 13:08:06.133000","373","False","False",""
"1","1","Arcane Sanctum","drc","Near Mint","English","","","2025-10-29 13:08:06.133000","146","False","False",""
"1","1","Arcane Sanctum","ncc","Near Mint","English","","","2025-10-29 13:08:06.133000","385","False","False",""
"1","1","Arcane Sanctum","40k","Near Mint","English","","","2025-10-29 13:08:06.133000","264","False","False",""
"1","1","Arcane Sanctum","dmc","Near Mint","English","","","2025-10-29 13:08:06.133000","196","False","False",""
"4","4","Arcane Signet","pip","Near Mint","English","","","2025-10-29 13:08:06.133000","224","False","False",""
"2","2","Arcane Signet","eoc","Near Mint","English","","","2025-10-29 13:08:06.133000","53","False","False",""
"1","1","Arcane Signet","ltc","Near Mint","English","","","2025-10-29 13:08:06.133000","273","False","False",""
"1","1","Arcane Signet","mic","Near Mint","English","","","2025-10-29 13:08:06.133000","157","False","False",""
"6","6","Arcane Signet","tdc","Near Mint","English","","","2025-10-29 13:08:06.133000","105","False","False",""
"2","2","Arcane Signet","dsc","Near Mint","English","","","2025-10-29 13:08:06.133000","92","False","False",""
"2","2","Arcane Signet","ecc","Near Mint","English","","","2026-02-02 20:21:09.317000","55","False","False",""
"5","5","Arcane Signet","scd","Near Mint","English","","","2025-10-29 13:08:06.133000","257","False","False",""
"3","3","Arcane Signet","blc","Near Mint","English","","","2025-10-29 13:08:06.133000","127","False","False",""
"4","4","Arcane Signet","lcc","Near Mint","English","","","2025-10-29 13:08:06.133000","299","False","False",""
"1","1","Arcane Signet","clb","Near Mint","English","","","2025-10-29 13:08:06.133000","298","False","False",""
"2","2","Arcane Signet","who","Near Mint","English","","","2025-10-29 13:08:06.133000","239","False","False",""
"3","3","Arcane Signet","otc","Near Mint","English","","","2025-10-29 13:08:06.133000","252","False","False",""
"1","1","Arcane Signet","40k","Near Mint","English","","","2025-11-06 20:48:12.870000","227","False","False",""
"1","1","Arcane Signet","40k","Near Mint","English","","","2025-10-29 13:08:06.133000","229","False","False",""
"3","3","Arcane Signet","cmm","Near Mint","English","","","2025-10-29 13:08:06.133000","367","False","False",""
"1","1","Arcane Signet","who","Near Mint","English","foil","","2025-10-29 13:08:06.133000","239","False","False",""
"1","1","Arcane Signet","fic","Near Mint","English","","","2025-10-29 13:08:06.133000","335","False","False",""
"1","1","Arcane Signet","dmc","Near Mint","English","","","2025-10-29 13:08:06.133000","177","False","False",""
"2","2","Arcane Signet","ncc","Near Mint","English","","","2025-10-29 13:08:06.133000","360","False","False",""
"1","1","Arcane Signet","40k","Near Mint","English","","","2025-10-29 13:08:06.133000","228","False","False",""
"1","1","Arcane Signet","woc","Near Mint","English","","","2025-10-29 13:08:06.133000","145","False","False",""
"1","1","Arcane Signet","drc","Near Mint","English","","","2025-10-29 13:08:06.133000","52","False","False",""
"2","2","Arcane Signet","mkc","Near Mint","English","","","2025-10-29 13:08:06.133000","223","False","False",""
"1","1","Arcane Signet","brc","Near Mint","English","","","2025-10-29 13:08:06.133000","132","False","False",""
"1","1","Arcane Signet","tle","Near Mint","English","","","2025-11-21 16:50:22.960000","315","False","False",""
"1","1","Arcane Signet","drc","Near Mint","English","","","2025-10-29 13:08:06.133000","51","False","False",""
"1","1","Arcane Signet","fic","Near Mint","English","","","2025-10-29 13:08:06.133000","332","False","False",""
"1","1","Arcane Signet","fic","Near Mint","English","foil","","2025-10-29 13:08:06.133000","335","False","False",""
"2","2","Arcane Signet","m3c","Near Mint","English","","","2025-10-29 13:08:06.133000","283","False","False",""
"1","1","Arcane Signet","fic","Near Mint","English","","","2025-10-29 13:08:06.133000","333","False","False",""
"1","1","Arcane Signet","fic","Near Mint","English","foil","","2025-10-29 13:08:06.133000","334","False","False",""
"3","3","Arcane Subtraction","stx","Near Mint","English","","","2025-10-29 13:08:06.133000","36","False","False",""
"1","1","Arcbound Condor","mh3","Near Mint","English","","","2025-10-29 13:08:06.133000","81","False","False",""
"1","1","Arcbound Ravager","sld","Near Mint","English","","","2025-10-29 13:08:06.133000","2105","False","False",""
"1","1","Arch of Orazca","lcc","Near Mint","English","","","2025-10-29 13:08:06.133000","319","False","False",""
"1","1","Archaeomancer","plst","Near Mint","English","","","2025-10-29 13:08:06.133000","M14-43","False","False",""
"1","1","Archaeomancer's Map","c21","Near Mint","English","","","2025-10-29 13:08:06.133000","12","False","False",""
"1","1","Archaeomancer's Map","fic","Near Mint","English","foil","","2025-10-29 13:08:06.133000","230","False","False",""
"1","1","Archaeomancer's Map","fic","Near Mint","English","","","2025-10-29 13:08:06.133000","230","False","False",""
"1","1","Archangel Elspeth","mom","Near Mint","English","","","2025-10-29 13:08:06.133000","6","False","False",""
"3","3","Archangel of Tithes","otj","Near Mint","English","","","2025-10-29 13:08:06.133000","2","False","False",""
"2","2","Archangel of Wrath","dmu","Near Mint","English","","","2025-10-29 13:08:06.133000","3","False","False",""
"1","1","Archdruid's Charm","mkm","Near Mint","English","","","2025-10-29 13:08:06.133000","151","False","False",""
"1","1","Archdruid's Charm","mkm","Near Mint","English","foil","","2025-10-29 13:08:06.133000","151","False","False",""
"2","2","Archelos, Lagoon Mystic","dmc","Near Mint","English","","","2025-10-29 13:08:06.133000","140","False","False",""
"1","1","Archenemy's Charm","eoe","Near Mint","English","","","2025-10-29 13:08:06.133000","88","False","False",""
"1","1","Archenemy's Charm","eoe","Near Mint","English","foil","","2025-10-29 13:08:06.133000","88","False","False",""
"1","1","Archenemy's Charm","eoe","Near Mint","English","foil","","2025-10-29 13:08:06.133000","307","False","False",""
"1","1","Archetype of Imagination","c18","Near Mint","English","","","2025-10-29 13:08:06.133000","81","False","False",""
"1","1","Archetype of Imagination","dsc","Near Mint","English","","","2025-10-29 13:08:06.133000","111","False","False",""
"1","1","Archfiend of Depravity","scd","Near Mint","English","","","2025-10-29 13:08:06.133000","67","False","False",""
"2","2","Archfiend of Depravity","fic","Near Mint","English","","","2025-10-29 13:08:06.133000","273","False","False",""
"1","1","Archfiend of Ifnir","ecc","Near Mint","English","","","2026-02-02 20:20:52.733000","70","False","False",""
"1","1","Archfiend of Ifnir","drc","Near Mint","English","","","2025-10-29 13:08:06.133000","86","False","False",""
"2","2","Archfiend of the Dross","one","Near Mint","English","","","2025-10-29 13:08:06.133000","82","False","False",""
"3","3","Archfiend's Vessel","j25","Near Mint","English","","","2025-10-29 13:08:06.133000","398","False","False",""
"2","2","Archghoul of Thraben","inr","Near Mint","English","","","2025-10-29 13:08:06.133000","95","False","False",""
"1","1","Archghoul of Thraben","vow","Near Mint","English","foil","","2025-10-29 13:08:06.133000","93","False","False",""
"3","3","Archghoul of Thraben","vow","Near Mint","English","","","2025-10-29 13:08:06.133000","93","False","False",""
"1","1","Architect of the Untamed","drc","Near Mint","English","","","2025-10-29 13:08:06.133000","108","False","False",""
"1","1","Architects of Will","plst","Near Mint","English","","","2025-10-29 13:08:06.133000","ARB-17","False","False",""
"1","1","Archive Dragon","woe","Near Mint","English","","","2025-10-29 13:08:06.133000","41","False","False",""
"1","1","Archmage Emeritus","fic","Near Mint","English","foil","","2025-10-29 13:08:06.133000","261","False","False",""
"1","1","Archmage Emeritus","tdc","Near Mint","English","","","2025-10-29 13:08:06.133000","145","False","False",""
"1","1","Archmage Emeritus","fic","Near Mint","English","","","2025-10-29 13:08:06.133000","261","False","False",""
"1","1","Archmage Emeritus","otc","Near Mint","English","","","2025-10-29 13:08:06.133000","90","False","False",""
"1","1","Archmage of Runes","fdn","Near Mint","English","","","2025-10-29 13:08:06.133000","30","False","False",""
"1","1","Archmage of Runes","fdn","Near Mint","English","","","2025-10-29 13:08:06.133000","304","False","False",""
"1","1","Archmage's Newt","otj","Near Mint","English","","","2025-10-29 13:08:06.133000","39","False","False",""
"1","1","Archon of Coronation","ncc","Near Mint","English","","","2025-10-29 13:08:06.133000","192","False","False",""
"1","1","Archon of Cruelty","m3c","Near Mint","English","","","2025-10-29 13:08:06.133000","197","False","False",""
"2","2","Archon of Falling Stars","j25","Near Mint","English","","","2025-10-29 13:08:06.133000","166","False","False",""
"1","1","Archon of Redemption","scd","Near Mint","English","","","2025-10-29 13:08:06.133000","7","False","False",""
"1","1","Archon of Sun's Grace","j25","Near Mint","English","","","2025-10-29 13:08:06.133000","167","False","False",""
"1","1","Archon of Sun's Grace","woc","Near Mint","English","","","2025-10-29 13:08:06.133000","61","False","False",""
"1","1","Archon's Glory","woe","Near Mint","English","","","2025-10-29 13:08:06.133000","2","False","False",""
"2","2","Archpriest of Shadows","mom","Near Mint","English","","","2025-12-16 13:49:13.067000","89","False","False",""
"5","5","Archway Commons","stx","Near Mint","English","","","2025-10-29 13:08:06.133000","263","False","False",""
"1","1","Archway of Innovation","mh3","Near Mint","English","","","2025-10-29 13:08:06.133000","214","False","False",""
"1","1","Arco-Flagellant","40k","Near Mint","English","","","2025-10-29 13:08:06.133000","29","False","False",""
"1","1","Ardbert, Warrior of Darkness","fic","Near Mint","English","","","2025-10-29 13:08:06.133000","77","False","False",""
"1","1","Ardbert, Warrior of Darkness","fic","Near Mint","English","","","2025-10-29 13:08:06.133000","164","False","False",""
"1","1","Ardbert, Warrior of Darkness","fic","Near Mint","English","foil","","2025-10-29 13:08:06.133000","77","False","False",""
"1","1","Ardent Dustspeaker","stx","Near Mint","English","","","2025-10-29 13:08:06.133000","92","False","False",""
"1","1","Ardent Elementalist","mid","Near Mint","English","","","2025-10-29 13:08:06.133000","128","False","False",""
"1","1","Ardyn, the Usurper","fin","Near Mint","English","foil","","2025-10-29 13:08:06.133000","524","False","False",""
"1","1","Ardyn, the Usurper","fin","Near Mint","English","","","2025-10-29 13:08:06.133000","315","False","False",""
"1","1","Ardyn, the Usurper","fin","Near Mint","English","foil","","2025-10-29 13:08:06.133000","315","False","False",""
"3","3","Ardyn, the Usurper","fin","Near Mint","English","","","2025-10-29 13:08:06.133000","89","False","False",""
"1","1","Ardyn, the Usurper","fin","Near Mint","English","foil","","2025-10-29 13:08:06.133000","89","False","False",""
"1","1","Ardyn, the Usurper","fin","Near Mint","English","foil","","2025-10-29 13:08:06.133000","379","False","False",""
"1","1","Ardyn, the Usurper","fin","Near Mint","English","","","2025-10-29 13:08:06.133000","379","False","False",""
"4","4","Arena Athlete","j25","Near Mint","English","","","2025-10-29 13:08:06.133000","518","False","False",""
"1","1","Arena of Glory","mh3","Near Mint","English","","","2025-10-29 13:08:06.133000","215","False","False",""
"1","1","Argentum Armor","afc","Near Mint","English","","","2025-10-29 13:08:06.133000","198","False","False",""
"1","1","Argivian Avenger","bro","Near Mint","English","","","2025-10-29 13:08:06.133000","232","False","False",""
"5","5","Argivian Cavalier","dmu","Near Mint","English","","","2025-10-29 13:08:06.133000","4","False","False",""
"5","5","Argivian Phalanx","dmu","Near Mint","English","","","2025-10-29 13:08:06.133000","5","False","False",""
"1","1","Argothian Opportunist","bro","Near Mint","English","","","2025-10-29 13:08:06.133000","167","False","False",""
"1","1","Argothian Pixies","atq","Near Mint","English","","","2025-10-29 13:08:06.133000","29","False","False",""
"3","3","Argothian Sprite","bro","Near Mint","English","","","2025-10-29 13:08:06.133000","168","False","False",""
"2","2","Arid Archway","otj","Near Mint","English","","","2025-10-29 13:08:06.133000","252","False","False",""
"1","1","Arid Mesa","spg","Near Mint","English","","","2025-10-29 13:08:06.133000","109","False","False",""
"1","1","Arixmethes, Slumbering Isle","mul","Near Mint","English","","","2025-10-29 13:08:06.133000","32","False","False",""
"1","1","Arixmethes, Slumbering Isle","c18","Near Mint","English","","","2025-10-29 13:08:06.133000","38","False","False",""
"1","1","Arlinn, Voice of the Pack","war","Near Mint","English","","","2025-10-29 13:08:06.133000","150","False","False",""
"1","1","Armament Dragon","tdm","Near Mint","English","","","2025-10-29 13:08:06.133000","307","False","False",""
"2","2","Armament Dragon","tdm","Near Mint","English","","","2025-10-29 13:08:06.133000","168","False","False",""
"4","4","Armasaur Guide","fdn","Near Mint","English","","","2025-10-29 13:08:06.133000","3","False","False",""
"1","1","Armed with Proof","mkc","Near Mint","English","","","2025-10-29 13:08:06.133000","9","False","False",""
"1","1","Armguard Familiar","neo","Near Mint","English","","","2025-10-29 13:08:06.133000","46","False","False",""
"1","1","Arm-Mounted Anchor","lcc","Near Mint","English","","","2025-10-29 13:08:06.133000","99","False","False",""
"2","2","Armor of Shadows","clb","Near Mint","English","","","2025-10-29 13:08:06.133000","112","False","False",""
"1","1","Armorcraft Judge","j25","Near Mint","English","","","2025-10-29 13:08:06.133000","629","False","False",""
"2","2","Armored Armadillo","otj","Near Mint","English","","","2025-10-29 13:08:06.133000","3","False","False",""
"4","4","Armored Kincaller","lci","Near Mint","English","","","2025-10-29 13:08:06.133000","174","False","False",""
"1","1","Armorer Guildmage","mir","Near Mint","English","","","2025-10-29 13:08:06.133000","156","False","False",""
"1","1","Armory Automaton","fic","Near Mint","English","","","2025-10-29 13:08:06.133000","336","False","False",""
"2","2","Armory Guard","rvr","Near Mint","English","","","2025-10-29 13:08:06.133000","3","False","False",""
"1","1","Armory Mice","woe","Near Mint","English","foil","","2025-10-29 13:08:06.133000","3","False","False",""
"2","2","Armory Mice","woe","Near Mint","English","","","2025-10-29 13:08:06.133000","3","False","False",""
"1","1","Armory Paladin","pip","Near Mint","English","","","2025-10-29 13:08:06.133000","93","False","False",""
"1","1","Armory Veteran","afr","Near Mint","English","foil","","2025-10-29 13:08:06.133000","130","False","False",""
"2","2","Armory Veteran","afr","Near Mint","English","","","2025-10-29 13:08:06.133000","130","False","False",""
"4","4","Arms of Hadar","clb","Near Mint","English","","","2025-10-29 13:08:06.133000","113","False","False",""
"1","1","Arms Race","bro","Near Mint","English","","","2025-10-29 13:08:06.133000","126","False","False",""
"1","1","Army of the Damned","j25","Near Mint","English","","","2025-10-29 13:08:06.133000","399","False","False",""
"1","1","Army of the Damned","scd","Near Mint","English","","","2025-10-29 13:08:06.133000","68","False","False",""
"1","1","Arno Dorian","acr","Near Mint","English","","","2025-10-29 13:08:06.133000","47","False","False",""
"2","2","Aron, Benalia's Ruin","dmu","Near Mint","English","","","2025-10-29 13:08:06.133000","193","False","False",""
"1","1","Aron, Benalia's Ruin","tdc","Near Mint","English","","","2025-10-29 13:08:06.133000","280","False","False",""
"2","2","Arrester's Zeal","rvr","Near Mint","English","","","2025-10-29 13:08:06.133000","4","False","False",""
"1","1","Arrogant Outlaw","mid","Near Mint","English","","","2025-10-29 13:08:06.133000","84","False","False",""
"4","4","Arrogant Poet","stx","Near Mint","English","","","2025-10-29 13:08:06.133000","63","False","False",""
"1","1","Art Appreciation","unf","Near Mint","English","foil","","2025-10-29 13:08:06.133000","99","False","False",""
"1","1","Arterial Alchemy","voc","Near Mint","English","","","2025-10-29 13:08:06.133000","61","False","False",""
"1","1","Artful Maneuver","dtk","Near Mint","English","","","2025-10-29 13:08:06.133000","4","False","False",""
"2","2","Arthur, Marigold Knight","blc","Near Mint","English","foil","","2025-10-29 13:08:06.133000","5","False","False",""
"4","4","Artillery Blast","dmu","Near Mint","English","","","2025-10-29 13:08:06.133000","6","False","False",""
"3","3","Artistic Refusal","mom","Near Mint","English","","","2025-12-16 00:03:23.910000","46","False","False",""
"3","3","Artist's Talent","blb","Near Mint","English","","","2025-10-29 13:08:06.133000","124","False","False",""
"1","1","Arvinox, the Mind Flail","dsc","Near Mint","English","","","2025-10-29 13:08:06.133000","130","False","False",""
"4","4","Arwen Undómiel","ltr","Near Mint","English","","","2025-10-29 13:08:06.133000","194","False","False",""
"1","1","Arwen, Weaver of Hope","ltc","Near Mint","English","","","2025-10-29 13:08:06.133000","35","False","False",""
"1","1","Arwen's Gift","ltr","Near Mint","English","foil","","2025-10-29 13:08:06.133000","39","False","False",""
"1","1","Arwen's Gift","ltr","Near Mint","English","","","2025-10-29 13:08:06.133000","39","False","False",""
"1","1","Aryel, Knight of Windgrace","cmm","Near Mint","English","","","2025-10-29 13:08:06.133000","336","False","False",""
"4","4","Asari Captain","neo","Near Mint","English","","","2025-10-29 13:08:06.133000","327","False","False",""
"2","2","Asari Captain","neo","Near Mint","English","","","2025-10-29 13:08:06.133000","215","False","False",""
"1","1","Ascend from Avernus","clb","Near Mint","English","","","2025-10-29 13:08:06.133000","5","False","False",""
"1","1","Asceticism","ltc","Near Mint","English","","","2025-10-29 13:08:06.133000","233","False","False",""
"2","2","Ash Barrens","fic","Near Mint","English","foil","","2025-10-29 13:08:06.133000","374","False","False",""
"1","1","Ash Barrens","mkc","Near Mint","English","","","2025-10-29 13:08:06.133000","248","False","False",""
"1","1","Ash Barrens","drc","Near Mint","English","","","2025-10-29 13:08:06.133000","147","False","False",""
"4","4","Ash Barrens","pip","Near Mint","English","","","2025-10-29 13:08:06.133000","253","False","False",""
"1","1","Ash Barrens","brc","Near Mint","English","","","2025-10-29 13:08:06.133000","174","False","False",""
"1","1","Ash Barrens","dsc","Near Mint","English","","","2025-10-29 13:08:06.133000","260","False","False",""
"2","2","Ash Barrens","40k","Near Mint","English","","","2025-11-06 20:46:03.940000","265","False","False",""
"1","1","Ash Barrens","tdc","Near Mint","English","","","2025-10-29 13:08:06.133000","339","False","False",""
"3","3","Ash Barrens","fic","Near Mint","English","","","2025-10-29 13:08:06.133000","374","False","False",""
"2","2","Ash Barrens","ncc","Near Mint","English","","","2025-10-29 13:08:06.133000","386","False","False",""
"1","1","Ash Barrens","who","Near Mint","English","","","2025-10-29 13:08:06.133000","257","False","False",""
"1","1","Ash Barrens","cmm","Near Mint","English","","","2025-10-29 13:08:06.133000","419","False","False",""
"1","1","Ash Barrens","ltc","Near Mint","English","","","2025-10-29 13:08:06.133000","295","False","False",""
"1","1","Ash, Party Crasher","woe","Near Mint","English","","","2025-10-29 13:08:06.133000","201","False","False",""
"1","1","Ashad, the Lone Cyberman","who","Near Mint","English","","","2025-10-29 13:08:06.133000","113","False","False",""
"1","1","Ashe, Princess of Dalmasca","fin","Near Mint","English","foil","","2025-10-29 13:08:06.133000","7","False","False",""
"6","6","Ashe, Princess of Dalmasca","fin","Near Mint","English","","","2025-10-29 13:08:06.133000","7","False","False",""
"2","2","Ashiok's Reaper","woe","Near Mint","English","","","2025-10-29 13:08:06.133000","79","False","False",""
"1","1","Ashling the Pilgrim","cmm","Near Mint","English","","","2025-10-29 13:08:06.133000","205","False","False",""
"1","1","Ashling, Flame Dancer","mh3","Near Mint","English","","","2025-10-29 13:08:06.133000","115","False","False",""
"1","1","Ashling, Rekindled // Ashling, Rimebound","ecl","Near Mint","English","","","2026-01-31 18:37:46.930000","124","False","False",""
"1","1","Ashling, the Limitless","ecc","Near Mint","English","foil","","2026-02-02 20:21:09.317000","1","False","False",""
"1","1","Ashling's Command","ecl","Near Mint","English","","","2026-01-31 18:38:11.420000","205","False","False",""
"1","1","Ashnod the Uncaring","brc","Near Mint","English","foil","","2025-10-29 13:08:06.133000","4","False","False",""
"3","3","Ashnod, Flesh Mechanist","bro","Near Mint","English","","","2025-10-29 13:08:06.133000","84","False","False",""
"1","1","Ashnod's Altar","cmm","Near Mint","English","","","2025-10-29 13:08:06.133000","368","False","False",""
"1","1","Ashnod's Altar","atq","Near Mint","English","","","2025-10-29 13:08:06.133000","38","False","False",""
"1","1","Ashnod's Altar","brr","Near Mint","English","foil","","2025-10-29 13:08:06.133000","67","False","False",""
"1","1","Ashnod's Harvester","bro","Near Mint","English","","","2025-10-29 13:08:06.133000","117","False","False",""
"2","2","Ashnod's Intervention","bro","Near Mint","English","","","2025-10-29 13:08:06.133000","85","False","False",""
"2","2","Ashroot Animist","fdn","Near Mint","English","","","2025-10-29 13:08:06.133000","117","False","False",""
"1","1","Aspirant's Ascent","one","Near Mint","English","","","2025-10-29 13:08:06.133000","40","False","False",""
"1","1","Aspirant's Ascent","one","Near Mint","English","foil","","2025-10-29 13:08:06.133000","40","False","False",""
"1","1","Aspiring Champion","40k","Near Mint","English","","","2025-10-29 13:08:06.133000","71","False","False",""
"2","2","Assassin Den","acr","Near Mint","English","","","2025-10-29 13:08:06.133000","281","False","False",""
"2","2","Assassin Initiate","acr","Near Mint","English","","","2025-10-29 13:08:06.133000","22","False","False",""
"1","1","Assassin Initiate","acr","Near Mint","English","foil","","2025-10-29 13:08:06.133000","22","False","False",""
"1","1","Assassin's Ink","neo","Near Mint","English","","","2025-10-29 13:08:06.133000","87","False","False",""
"1","1","Assassin's Trophy","ecc","Near Mint","English","","","2026-02-02 20:20:52.733000","119","False","False",""
"1","1","Assassin's Trophy","mkm","Near Mint","English","","","2025-10-29 13:08:06.133000","187","False","False",""
"2","2","Assault Formation","tdc","Near Mint","English","","","2025-10-29 13:08:06.133000","246","False","False",""
"2","2","Assault Intercessor","40k","Near Mint","English","","","2025-10-29 13:08:06.133000","104","False","False",""
"1","1","Assault Suit","40k","Near Mint","English","","","2025-10-29 13:08:06.133000","230","False","False",""
"1","1","Assault Suit","cmm","Near Mint","English","foil","","2025-10-29 13:08:06.133000","369","False","False",""
"1","1","Assault Suit","cmm","Near Mint","English","","","2025-10-29 13:08:06.133000","369","False","False",""
"1","1","Assaultron Dominator","pip","Near Mint","English","","","2025-10-29 13:08:06.133000","54","False","False",""
"1","1","Assemble the Legion","pip","Near Mint","English","","","2025-10-29 13:08:06.133000","210","False","False",""
"1","1","Assemble the Legion","onc","Near Mint","English","","","2025-10-29 13:08:06.133000","115","False","False",""
"1","1","Assembled Ensemble","unf","Near Mint","English","","","2025-10-29 13:08:06.133000","3","False","False",""
"2","2","Assert Perfection","ecl","Near Mint","English","","","2026-01-31 18:45:11.803000","164","False","False",""
"4","4","Assimilate Essence","mom","Near Mint","English","","","2025-12-16 00:03:10.713000","47","False","False",""
"1","1","Assimilation Aegis","otj","Near Mint","English","","","2025-10-29 13:08:06.133000","192","False","False",""
"1","1","Astarion, the Decadent","clb","Near Mint","English","","","2025-10-29 13:08:06.133000","413","False","False",""
"1","1","Astarion, the Decadent","clb","Near Mint","English","","","2025-10-29 13:08:06.133000","265","False","False",""
"1","1","Astarion's Thirst","clb","Near Mint","English","foil","","2025-10-29 13:08:06.133000","114","False","False",""
"1","1","Astelli Reclaimer","eoe","Near Mint","English","","","2025-10-29 13:08:06.133000","288","False","False",""
"2","2","Astelli Reclaimer","eoe","Near Mint","English","","","2025-10-29 13:08:06.133000","4","False","False",""
"2","2","Astral Confrontation","clb","Near Mint","English","","","2025-10-29 13:08:06.133000","6","False","False",""
"1","1","Astral Cornucopia","eoc","Near Mint","English","","","2025-10-29 13:08:06.133000","131","False","False",""
"4","4","Astral Wingspan","mom","Near Mint","English","","","2025-12-15 12:32:16.467000","48","False","False",""
"1","1","Astrologian's Planisphere","fin","Near Mint","English","foil","","2025-11-03 13:37:41.730000","46","False","False",""
"1","1","Astrologian's Planisphere","fin","Near Mint","English","foil","","2025-10-29 13:08:06.133000","581","False","False",""
"5","5","Astrologian's Planisphere","fin","Near Mint","English","","","2025-10-29 13:08:06.133000","46","False","False",""
"2","2","Astroquarium","unf","Near Mint","English","","","2025-10-29 13:08:06.133000","34","False","False",""
"2","2","Asylum Visitor","inr","Near Mint","English","","","2025-10-29 13:08:06.133000","96","False","False",""
"1","1","Atalan Jackal","40k","Near Mint","English","","","2025-11-06 20:41:37.940000","105","False","False",""
"1","1","Atarka Monument","scd","Near Mint","English","","","2025-10-29 13:08:06.133000","258","False","False",""
"1","1","Atarka, World Render","tdc","Near Mint","English","","","2025-10-29 13:08:06.133000","281","False","False",""
"1","1","Atarka, World Render","scd","Near Mint","English","etched","","2025-10-29 13:08:06.133000","1","False","False",""
"1","1","Atarka's Command","dtk","Near Mint","English","","","2025-10-29 13:08:06.133000","213","False","False",""
"1","1","Athreos, Shroud-Veiled","dsc","Near Mint","English","","","2025-10-29 13:08:06.133000","212","False","False",""
"1","1","Atla Palani, Nest Tender","dmc","Near Mint","English","","","2025-10-29 13:08:06.133000","142","False","False",""
"1","1","Atmosphere Surgeon","one","Near Mint","English","","","2025-10-29 13:08:06.133000","41","False","False",""
"7","7","Atmospheric Greenhouse","eoe","Near Mint","English","","","2025-10-29 13:08:06.133000","171","False","False",""
"3","3","Atmospheric Greenhouse","eoe","Near Mint","English","foil","","2025-10-29 13:08:06.133000","171","False","False",""
"2","2","Atomic Microsizer","eoe","Near Mint","English","","","2025-10-29 13:08:06.133000","47","False","False",""
"1","1","Atomic Microsizer","eoe","Near Mint","English","foil","","2025-10-29 13:08:06.133000","47","False","False",""
"1","1","Atomize","pip","Near Mint","English","","","2025-10-29 13:08:06.133000","94","False","False",""
"1","1","Atomwheel Acrobats","unf","Near Mint","English","","","2025-10-29 13:08:06.133000","130","False","False",""
"1","1","Atraxa, Grand Unifier","fca","Near Mint","English","","","2025-10-29 13:08:06.133000","49","False","False",""
"1","1","Atraxa, Grand Unifier","fca","Near Mint","English","foil","","2025-10-29 13:08:06.133000","49","False","False",""
"1","1","Atraxa, Praetors' Voice","mul","Near Mint","English","","","2025-12-15 12:56:47.523000","33","False","False",""
"6","6","Atraxa's Fall","mom","Near Mint","English","","","2025-12-15 12:01:58.327000","176","False","False",""
"1","1","Atreus, Impulsive Son","sld","Near Mint","English","","","2026-01-03 17:56:17.983000","2212","False","False",""
"3","3","Atrocious Experiment","clb","Near Mint","English","","","2025-10-29 13:08:06.133000","115","False","False",""
"1","1","Atsushi, the Blazing Sky","neo","Near Mint","English","","","2025-10-29 13:08:06.133000","134","False","False",""
"1","1","Atsushi, the Blazing Sky","tdc","Near Mint","English","","","2025-10-29 13:08:06.133000","204","False","False",""
"1","1","Attack-in-the-Box","dsk","Near Mint","English","","","2025-10-29 13:08:06.133000","242","False","False",""
"2","2","Attempted Murder","unf","Near Mint","English","","","2025-10-29 13:08:06.133000","66","False","False",""
"2","2","Attended Socialite","snc","Near Mint","English","","","2025-10-29 13:08:06.133000","133","False","False",""
"4","4","Attentive Skywarden","mom","Near Mint","English","","","2025-12-16 13:34:49.537000","7","False","False",""
"6","6","Attentive Sunscribe","lci","Near Mint","English","","","2025-10-29 13:08:06.133000","4","False","False",""
"1","1","Attune with Aether","drc","Near Mint","English","","","2025-10-29 13:08:06.133000","109","False","False",""
"1","1","Attuned Hunter","tdm","Near Mint","English","foil","","2025-10-29 13:08:06.133000","135","False","False",""
"4","4","Attuned Hunter","tdm","Near Mint","English","","","2025-10-29 13:08:06.133000","135","False","False",""
"1","1","Atzocan Seer","lcc","Near Mint","English","","","2025-10-29 13:08:06.133000","265","False","False",""
"1","1","Audacious Reshapers","brc","Near Mint","English","","","2025-10-29 13:08:06.133000","112","False","False",""
"3","3","Audacious Thief","j25","Near Mint","English","","","2025-10-29 13:08:06.133000","401","False","False",""
"2","2","Auditore Ambush","acr","Near Mint","English","","","2025-10-29 13:08:06.133000","295","False","False",""
"1","1","Augmenter Pugilist // Echoing Equation","stx","Near Mint","English","","","2025-10-29 13:08:06.133000","147","False","False",""
"1","1","Augur of Autumn","eoc","Near Mint","English","","","2025-10-29 13:08:06.133000","92","False","False",""
"1","1","Augury Adept","c13","Near Mint","English","","","2025-10-29 13:08:06.133000","227","False","False",""
"1","1","Aunt May","spm","Near Mint","English","","","2025-10-29 13:08:06.133000","3","False","False",""
"2","2","Aunt May","spm","Near Mint","English","foil","","2025-10-29 13:08:06.133000","3","False","False",""
"1","1","Auntie Ool, Cursewretch","ecc","Near Mint","English","foil","","2026-02-02 20:20:52.733000","2","False","False",""
"4","4","Auntie's Sentence","ecl","Near Mint","English","","","2026-02-02 19:38:45.457000","85","False","False",""
"1","1","Aura Gnarlid","c18","Near Mint","English","","","2025-10-29 13:08:06.133000","128","False","False",""
"1","1","Aura Gnarlid","woc","Near Mint","English","","","2025-10-29 13:08:06.133000","120","False","False",""
"1","1","Aura Mutation","scd","Near Mint","English","","","2025-10-29 13:08:06.133000","217","False","False",""
"1","1","Auramancer","dsc","Near Mint","English","","","2025-10-29 13:08:06.133000","97","False","False",""
"2","2","Aurelia, the Law Above","mkm","Near Mint","English","","","2025-10-29 13:08:06.133000","188","False","False",""
"1","1","Aurelia, the Law Above","mkm","Near Mint","English","foil","","2025-10-29 13:08:06.133000","188","False","False",""
"1","1","Aurelia, the Warleader","mul","Near Mint","English","","","2025-12-15 15:59:32.653000","35","False","False",""
"1","1","Aurelia's Vindicator","mkm","Near Mint","English","","","2025-10-29 13:08:06.133000","4","False","False",""
"1","1","Auron, Venerated Guardian","fic","Near Mint","English","foil","","2025-10-29 13:08:06.133000","10","False","False",""
"7","7","Auron's Inspiration","fin","Near Mint","English","","","2025-10-29 13:08:06.133000","8","False","False",""
"2","2","Auron's Inspiration","fin","Near Mint","English","foil","","2025-10-29 13:08:06.133000","8","False","False",""
"4","4","Auroral Procession","tdm","Near Mint","English","","","2025-10-29 13:08:06.133000","169","False","False",""
"4","4","Auspicious Arrival","mkm","Near Mint","English","","","2025-10-29 13:08:06.133000","5","False","False",""
"3","3","Auspicious Arrival","mkm","Near Mint","English","","","2025-10-29 13:08:06.133000","288","False","False",""
"1","1","Austere Command","woc","Near Mint","English","","","2025-10-29 13:08:06.133000","62","False","False",""
"1","1","Austere Command","fic","Near Mint","English","","","2025-10-29 13:08:06.133000","231","False","False",""
"1","1","Austere Command","ncc","Near Mint","English","","","2025-10-29 13:08:06.133000","193","False","False",""
"1","1","Austere Command","pip","Near Mint","English","","","2025-10-29 13:08:06.133000","156","False","False",""
"2","2","Austere Command","lcc","Near Mint","English","","","2025-10-29 13:08:06.133000","126","False","False",""
"2","2","Autarch Mammoth","dft","Near Mint","English","","","2025-10-29 13:08:06.133000","153","False","False",""
